2014 3354
350 169 404 212 44
975 165 1141 204 =
1174 147 1179 153 ’

383 306 416 326 ‚,
439 283 559 318 Lacus
601 291 714 319 autem
754 292 920 320 vocantur
959 295 1119 329 aquarum
1162 283 1369 330 publicarum
1400 293 1442 317 ex
1475 294 1580 326 aquae
1612 285 1769 321 ductibus

386 354 603 397 receptacula
635 355 802 398 (Vin-ur.
832 358 873 395 8,
904 354 981 399 7),
1025 358 1141 398 quales
1177 356 1531 398 sumendorum&
1563 366 1597 390 a.
1622 368 1659 393 u.
1692 358 1771 399 870.

383 419 440 461 M·
472 424 613 460 Porcius
640 426 727 459 Cato
758 430 793 456 et
823 423 870 458 Ι..
901 423 1058 458 valerius
1086 426 1229 458 Flaccus
1262 434 1417 461 censores
1451 415 1646 460 locaverint.
1686 427 1768 461 Liv.

393 507 462 539 39,
485 507 543 538 34.
585 495 765 529 Frontinus
796 492 839 524 de
868 492 1013 532 aquaed.
1035 494 1282 532 78.,summarn
1304 493 1469 534 ejusmodi
1490 496 1623 531 lacuum
1646 495 1779 538 colligit

392 567 436 601 ad
457 575 532 609 391.
575 565 607 597 Λ
628 562 710 605 solo,
729 561 883 606 Agrippa
909 571 974 605 700
994 561 1102 596 factos
1123 570 1288 597 memorat
1309 564 1429 598 Plin.
1447 570 1505 601 Ἠ.
1531 570 1582 603 Ν.
1606 569 1670 610 36,
1696 567 1776 610 15·”

352 635 578 683 spalat-tum.
631 632 673 667 In
710 632 775 667 hac
817 632 1028 674 antiquitatis
1067 639 1162 674 parte
1194 642 1263 667 non
1294 632 1457 667 convenit
1488 634 1673 670 Mureto
1705 646 1780 671 cum

392 703 580 746 Lipsio.
626 704 817 748 Secundum
846 703 941 738 iilum
971 702 1167 745 spoliarium
1198 702 1294 739 locus
1325 711 1425 747 erat,
1455 702 1514 737 ubi
1536 703 1684 738 damnati
1706 717 1782 741 ante

391 776 600 820 supplicium
631 776 710 811 exui
739 775 919 817 solebant,
953 773 1082 816 quippe
1118 773 1448 817 spoliadicerentur
1482 783 1548 816 ea,
1579 774 1702 815 quibus
1732 778 1785 809 in.

398 849 473 883 duti
508 855 644 889 essent,
686 854 764 879 eum
805 844 848 876 ad
886 843 1090 885 supplicium
1121 844 1339 877 ducerentur.
1392 845 1501 888 Magis
1531 852 1643 879 tamen
1676 847 1788 889 placet

393 902 563 952 ‘sententia
606 912 786 957 Lipsiit
828 937 858 956 „
881 911 994 947 Sumit
1032 914 1075 947 ab
1116 913 1388 956 Amphitheatris
1428 923 1465 948 et
1500 925 1535 949 re
1575 917 1784 959 gladiatoria.

398 987 488 1023 Nam
526 984 579 1032 ‚ihi
611 983 854 1026 spoliarium,
895 992 1015 1017 arenae
1055 984 1249 1027 adnexum,
1290 984 1324 1018 in
1355 993 1425 1026 quo
1453 986 1532 1020 exui
1561 986 1786 1030 gladiatores,

397 1055 465 1099 ipsi
494 1054 577 1091 laesi
606 1062 665 1090 aut
698 1054 788 1091 caeci
820 1055 906 1092 trahi
931 1055 1050 1090 eodem
1081 1056 1207 1091 solent.
1254 1056 1342 1100 Quia
1374 1056 1476 1099 igitur
1506 1058 1689 1092 ad⁴lacum
1712 1060 1790 1092 ser.

398 1126 521 1161 vilium
550 1133 610 1160 aut
642 1125 733 1160 caesi
768 1126 891 1170 multi,
923 1134 983 1164 aut
1015 1126 1126 1169 capita
1158 1126 1207 1163 ibi
1229 1127 1405 1170 expositu
1438 1127 1631 1169 spoliarium
1652 1128 1687 1161 id
1714 1127 1793 1161 sul-

401 1197 519 1235 lanum
549 1204 670 1234 vocat.
713 1195 805 1232 Vide
836 1205 890 1230 me
921 1197 1092 1232 saturnal.
1123 1199 1155 1233 1.
1187 1207 1263 1239 cap.
1295 1196 1466 1245 XVl11.f'

360 1269 499 1312 μυῖαι
521 1280 564 1293 -·
583 1275 733 1310 greges.
777 1265 955 1301 Florus
984 1266 1064 1309 111,
1087 1276 1145 1304 21.
1175 1267 1216 1310 ς.
1236 1277 1298 1310 25⁸
1332 1290 1362 1309 „
1386 1268 1461 1309 quis
1493 1275 1605 1302 autem
1636 1268 1710 1304 illos
1733 1279 1794 1312 po-

401 1342 470 1373 test
497 1343 719 1379 computare,
749 1345 835 1378 quos
860 1338 896 1373 in
922 1340 1009 1374 urbe
1040 1339 1188 1381 passim,
1219 1338 1369 1381 quisquis
1395 1338 1527 1379 voluit,
1560 1339 1751 1373 occiditP‘

364 1413 486 1444 senat.
516 1408 657 1449 capita.
707 1407 839 1449 Lips.
863 1418 948 1443 ann.
973 1418 1042 1445 ms.
1086 1433 1116 1450 ,‚
1140 1410 1320 1442 Senatores
1349 1407 1436 1447 XL,
1467 1406 1610 1447 Equites
1638 1407 1793 1446 MDC.”

406 1484 463 1519 Ex
493 1483 715 1525 Appiano
748 1479 789 1513 B.
822 1479 905 1513 cir.
933 1479 967 1514 Ι.
996 1486 1037 1521 p.
1061 1488 1139 1522 409·
1176 1479 1231 1514 ed.
1263 1478 1390 1521 Staph-

362 1555 480 1590 multa
503 1567 544 1577 —
568 1552 773 1587 trucidata.
821 1547 990 1602 Perdnere
1023 1549 1185 1583 videntur
1212 1550 1254 1582 ad
1284 1546 1441 1582 nefariam
1466 1547 1697 1581 dediticiorum
1721 1558 1797 1582 cae-

402 1625 480 1660 dem
521 1624 557 1660 in
587 1623 679 1658 circo
711 1618 908 1661 Flaminio,
951 1618 1008 1652 vel
1040 1619 1225 1652 secundum
1258 1618 1341 1651 alios
1370 1615 1515 1653 in,villa
1553 1615 1713 1658 publica,
1752 1619 1794 1650 de

405 1703 477 1735 quo
515 1682 735 1726 consulantur
770 1689 934 1730 lmen-pr.
979 1689 1028 1720 ad
1057 1686 1140 1721 Flo
1153 1696 1182 1721 r.
1215 1686 1293 1729 111,
1328 1696 1386 1723 21.
1424 1685 1458 1725 S.
1491 1696 1548 1727 24.
1603 1687 1799 1720 Detestatur

405 1764 497 1798 idem
516 1764 558 1795 de
579 1762 692 1795 clem.
715 1759 755 1799 1,
781 1768 842 1792 12:
878 1781 907 1799 „
934 1758 1008 1799 quis
1036 1766 1148 1794 tamen
1176 1766 1322 1797 unquam
1345 1764 1502 1797 tyrannus
1525 1762 1590 1787 tam
1613 1755 1711 1788 avide
1733 1758 1797 1790 bu.

409 1840 545 1870 manum
572 1828 768 1873 sanguinem
802 1825 912 1867 bibit,
944 1834 1045 1866 quam
1078 1825 1160 1867 ille,
1196 1825 1254 1866 qui
1285 1832 1417 1868 septem
1448 1826 1549 1860 millia
1578 1827 1702 1862 civium
1726 1830 1801 1862 Ro-

410 1909 584 1939 manorum
616 1894 840 1932 contrucidari
867 1893 1032 1935 jussit?”
1078 1896 1120 1926 de
1140 1893 1266 1935 Benef.
1296 1894 1352 1935 X,
1385 1895 1444 1929 16:
1488 1918 1516 1937 ,‚
1541 1896 1690 1938 leglenes
1718 1897 1798 1930 duas

409 1971 503 2013 quod
533 1968 667 2004 crudele
699 1973 775 2008 est,
809 1961 888 2009 post
913 1965 1120 2009 victoriam3
1151 1965 1244 2007 quod
1276 1964 1391 2006 nefas,
1425 1972 1503 2006 port
1525 1964 1648 2009 fidem,
1682 1968 1716 2001 in
1744 1979 1802 2002 an-

408 2042 492 2087 gulo
530 2048 706 2083 congestas
749 2037 1012 2073 contrucidavit.
1026 2037 1055 2057 '⁹
1111 2037 1274 2069 ceterum
1306 2043 1343 2068 et
1373 2034 1577 2075 innumero
1608 2038 1798 2075 discrimen.

408 2113 538 2156 Lips.
572 2113 615 2146 ad
645 2112 762 2146 locum
796 2112 839 2143 de
868 2110 979 2144 clem.
1036 2131 1067 2151 ,‚
1091 2107 1201 2143 Valde
1234 2106 1433 2142 dissentiunt
1460 2105 1494 2138 in
1525 2114 1677 2142 numero.
1733 2109 1800 2143 Alii

413 2185 459 2219 ad
501 2191 659 2227 quatuor
698 2182 819 2225 millia
850 2179 1006 2215 tradunt:
1052 2185 1091 2213 ut
1122 2179 1267 2219 Florus,
1309 2185 1349 2210 ut
1380 2175 1561 2219 Dionysius
1593 2179 1805 2215 Halicarnas-

414 2261 514 2289 ιιι-,υς
545 2252 666 2295 (fidus
697 2249 846 2295 auctor)
874 2249 941 2285 fine
972 2248 1049 2285 libri
1074 2249 1125 2286 V.
1171 2247 1284 2283 Credo
1314 2254 1349 2282 et
1377 2248 1547 2285 valerium
1575 2249 1623 2283 sic
1653 2250 1803 2291 scripsis-

416 2330 477 2357 set
510 2322 546 2355 in
578 2331 648 2370 quo
680 2330 789 2356 tamen
820 2322 903 2357 falso
937 2329 1112 2366 quattuor
1136 2321 1290 2366 legiones
1320 2321 1433 2366 legas,
1467 2321 1554 2357 libro
1576 2322 1639 2359 1x.
1665 2331 1742 2365 cap.
1763 2323 1807 2356 11.

413 2392 643 2437 Panegyricus
679 2393 906 2431 ConstantIno
946 2392 1057 2429 dictus
1094 2402 1161 2429 non
1202 2392 1298 2436 abit,
1340 2394 1398 2435 qul
1439 2395 1594 2428 dedicant
1640 2403 1802 2428 exarma-

417 2472 563 2510 tamque
597 2467 766 2509 legionem
800 2464 1003 2500 trucidatam
1037 2463 1167 2500 scribit.
1211 2467 1260 2499 At
1281 2472 1395 2500 noster
1425 2464 1513 2498 libro
1545 2465 1587 2498 de
1611 2463 1730 2506 Benef.
1753 2464 1802 2498 V.

417 2544 500 2581 cap.
526 2533 631 2572 xvl.
658 2538 814 2580 legiones
841 2537 934 2570 duas
966 2534 1070 2577 dicit,
1105 2537 1345 2572 convenienter
1378 2544 1454 2569 cum
1477 2536 1543 2570 hoc
1572 2543 1703 2580 septem
1724 2534 1806 2566 mil-

415 2608 502 2643 lium
535 2612 702 2645 numero,
746 2612 849 2645 quem
878 2611 913 2638 et
943 2603 1106 2639 Firmicus
1148 2606 1258 2639 firmat
1288 2607 1357 2643 lib.
1376 2607 1408 2642 1.
1445 2617 1576 2652 septem
1606 2607 1724 2640 millia
1756 2607 1805 2637 ci-

419 2677 516 2710 vium
561 2678 597 2711 in
633 2676 746 2709 medio
780 2677 859 2710 sinu
892 2676 1015 2718 urbis,
1059 2677 1213 2710 Sullana
1248 2679 1557 2714 animadversione
1589 2677 1801 2712 ceciderunt.

416 2749 536 2788 L1vius
577 2759 688 2789 autem
723 2750 756 2785 in
791 2749 971 2793 Epitoma,
1005 2749 1094 2784 vul
1127 2752 1266 2788 millia:
1308 2753 1529 2792 Plutarchus,
1570 2756 1661 2783 sex.-
1704 2757 1803 2789 quem

1727 2829 1797 2854 om-
