2014 3354
800 254 1007 311 (19)

217 392 416 425 ceterum
446 377 708 422 divitiarum
729 388 777 422 et
811 377 1012 422 filiorum
1033 375 1343 429 amissionem,
1372 374 1605 428 exsilium,

217 470 380 501 necem
418 470 512 499 non
549 468 646 498 esse
687 453 835 509 mala,
869 440 1196 516 quippe-quae
1228 451 1317 497 viri
1363 450 1475 495 honi
1515 448 1601 493 ali-

219 529 409 590 quando
453 529 540 573 sibi
573 530 663 590 ipsi
711 531 1011 575 consciscant.
1068 530 1264 589 Reliqua
1301 527 1362 571 de
1402 527 1493 570 hoc
1526 540 1607 567 ar-

218 616 434 663 gumento
449 607 593 651 Deum
624 606 819 666 pulchre
846 616 1201 669 persequentem
1225 592 1425 651 inducit.
1477 601 1609 661 Quae

216 683 318 741 ipsa
364 683 722 744 prosopopoeiae
780 682 972 740 gravitas
1014 691 1062 727 et
1103 681 1344 748 insurgens
1391 676 1609 725 orationis

215 759 408 820 spiritus
440 759 565 805 libro
605 759 664 804 ad
704 761 878 807 exitum
911 759 1116 817 vergenti
1144 759 1319 817 optime
1357 771 1609 813 congruere

216 835 415 884 videtur.
472 836 635 896 Neque
657 835 807 880 obstat
836 836 1021 881 brevior
1041 845 1087 880 et
1112 833 1243 895 quasi
1263 832 1488 891 abrupta,
1521 844 1613 888 qua

215 914 357 955 finem
396 912 537 970 facit.
579 914 897 958 sententia-01
925 913 1051 969 quod
1075 924 1168 956 tam
1203 912 1295 955 cito
1322 912 1406 965 fit,
1441 901 1609 957 timetis

213 987 335 1032 diu?
358 987 390 1006 ’'
448 968 689 1043 Ejusmodi
722 986 846 1030 enim
889 988 1091 1032 breviter
1129 987 1265 1032 dictis
1296 987 1438 1031 libros
1478 981 1608 1028 clau-

214 1061 329 1123 dere
362 1074 698 1120 nonnunquam
735 1061 937 1106 Senecae
976 1061 1167 1120 placuit.
1221 1061 1448 1119 Exempia
1474 1069 1610 1115 peta-

215 1154 315 1183 mus
342 1154 366 1182 e
388 1139 515 1184 Nat.
556 1139 910 1195 Quaestionum
936 1153 1077 1197 opere
1095 1137 1235 1198 paulo
1259 1148 1366 1199 post
1394 1143 1581 1179 exarato
1598 1163 1613 1187 ,

204 1214 348 1272 ¹cuiue
380 1212 499 1260 liber
541 1213 770 1260 secundus
818 1214 885 1259 ita
932 1215 1128 1261 finitur:
1174 1234 1199 1263 «
1222 1216 1367 1261 Nemo
1404 1224 1611 1272 unquam

215 1290 438 1338 «fulmen
467 1290 645 1345 timuit,
693 1291 783 1335 nisi
823 1293 904 1352 qui
942 1293 1126 1351 effugit:
1148 1294 1179 1314 ”
1212 1294 1372 1337 tertius
1413 1292 1465 1334 in
1494 1288 1610 1331 haec

205 1367 354 1433 §rerba
393 1366 590 1412 desinit=
633 1386 656 1416 «
681 1368 818 1412 etiam
863 1369 963 1414 sine
996 1370 1212 1428 magistro
1256 1368 1365 1416 vitia
1411 1365 1610 1410 discun-

215 1463 238 1490 «
265 1454 357 1488 tur.
381 1443 413 1463 ''

275 1518 523 1575 Superest,
555 1529 606 1563 ut
637 1535 862 1580 quaenam
904 1523 964 1568 ad
995 1524 1200 1570 Senecae
1235 1533 1411 1570 textum
1440 1531 1608 1573 recog-

215 1593 500 1638 noscendum
536 1593 737 1637 subsidia
781 1596 896 1640 mihi
934 1598 1141 1653 fuerint,
1173 1598 1330 1658 paucis
1365 1606 1611 1654 exponam·

214 1671 402 1714 Praeter
425 1669 649 1715 editiones
676 1669 865 1717 Andr.
899 1672 1170 1727 schotti,
1201 1674 1258 1718 A.
1294 1674 1434 1722 1604,
1463 1668 1607 1725 Lip-

217 1747 325 1797 sii,
375 1747 429 1790 A.
460 1748 566 1792 1652
602 1747 747 1807 (44),
791 1748 833 1794 J.
867 1749 920 1796 F.
955 1748 1288 1803 Grmmvii,
1330 1749 1390 1792 A.
1415 1744 1525 1791 1658
1565 1752 1611 1787 et

214 1822 502 1864 novissimam
525 1822 1126 1894 Ruhkopf11A.1797
1144 1858 1157 1881 ,
1189 1825 1369 1869 duobus
1397 1823 1466 1864 uti
1491 1835 1612 1863 con-

218 1896 319 1952 tigit
361 1895 608 1941 Codicibus'
654 1900 828 1954 MStis,
873 1901 1156 1947 humanitate
1200 1903 1304 1948 Viri
1351 1894 1613 1944 Doctissimi

216 1971 364 2020 Geel
397 1972 706 2020 Bibliothecae
740 1975 966 2020 Praefecti
998 1979 1237 2023 concessis.
1299 1978 1475 2021 Horum
1491 1972 1607 2016 alter

201 2059 283 2120 'est
328 2050 699 2096 membranaceus
721 2085 734 2107 ‚
793 2052 1066 2098 nitidissime
1107 2056 1304 2116 scriptus
1332 2086 1346 2104 ‚
1394 2051 1509 2094 haec
1552 2048 1603 2091 in

211 2126 365 2171 fronte
399 2143 560 2183 gerens
590 2147 602 2173 :
665 2150 688 2175 α
715 2130 782 2172 Ex
820 2128 1103 2175 Bibliotheca
1137 2130 1360 2188 unigeniti
1387 2127 1470 2172 filii
1506 2128 1604 2168 Jo-

211 2225 235 2253 α
260 2203 501 2260 hannis,
531 2204 578 2248 J,
610 2204 688 2250 Ut.
720 2206 776 2250 D.
806 2207 1115 2252 Bibliothecae
1145 2207 1371 2267 Lugduno
1417 2206 1605 2248 Batavae

198 2302 243 2329 .«
270 2281 459 2325 donavit
485 2315 500 2333 ‚
559 2282 645 2328 Vir
701 2281 828 2326 Clar.
887 2284 1251 2330 Franciscus
1298 2279 1605 2337 Fabritiuws

212 2379 235 2405 «
260 2359 537 2416 Theologiae
558 2358 680 2404 Prof.
700 2372 833 2417 pater
859 2376 1085 2407 moerenS.
1101 2363 1131 2382 ”
1179 2363 1490 2408 Continentur
1516 2372 1569 2400 eo
1585 2372 1598 2398 ι

189 2472 194 2477 .
268 2451 309 2480 1.
338 2438 612 2496 Epis-colae.
673 2436 805 2483 Ordo
859 2436 1146 2500 aliquantum
1183 2442 1445 2486 immutatus
1500 2443 1601 2486 est,

1559 2529 1603 2558 v.

259 2634 355 2682 (44)
380 2635 475 2671 Hanc
508 2639 633 2674 ceteris
678 2638 888 2676 editionibus
926 2647 1074 2687 quatuor
1110 2653 1130 2677 a
1159 2641 1276 2688 Lipsio
1305 2642 1432 2679 curatis
1461 2642 1605 2701 (ι605

184 2702 196 2715 *
215 2696 325 2739 1614,
350 2694 598 2739 1632‚1637)
624 2710 695 2732 esse
729 2698 908 2735 meliorem
935 2710 970 2737 et
996 2715 1109 2737 ratam
1144 2703 1268 2768 scribit
1295 2698 1464 2739 narles'
1495 2703 1603 2742 Brea.

212 2755 303 2793 Not.
327 2756 489 2792 Literat.
510 2757 614 2792 Rom.
637 2770 676 2803 p.
699 2758 776 2803 327.
1464 2769 1466 2772 “

1215 2830 1272 2869 3.
