2014 3354
736 266 946 320 (55)

138 423 154 434 .
199 387 519 451 spectaculum
544 385 615 432 'est
647 387 842 446 gratius,
875 398 1047 448 quanto
1078 384 1128 429 id
1157 383 1388 427 honestior
1408 378 1533 424 fecit.

148 471 179 515 6
203 468 308 514 Non
328 474 437 509 sunt
462 463 582 527 ista,
613 480 727 525 quae
753 474 944 523 possunt
974 462 1175 505 Deorum
1206 458 1254 501 in
1286 472 1334 501 se
1360 453 1534 500 vultum

202 549 469 586 convertere
486 570 500 591 ‚
530 538 610 590 secl
638 539 851 599 puerilia,
885 551 933 584 et
956 541 1178 582 humanae
1199 532 1535 578 oblectamenta

200 615 413 661 levitatis.
471 613 589 659 Ecce
620 616 930 674 spectaculum
963 614 1177 668 dignum,
1207 611 1266 656 ad
1293 608 1416 669 quod
1448 621 1531 648 re-

199 691 366 753 spiciat
404 691 607 734 intentus
661 693 789 750 operi
832 706 914 736 suo
953 691 1104 733 Deus:
1155 703 1260 730 ecce
1313 701 1396 743 par
1434 683 1532 726 Deo

201 767 420 822 dignum,
452 767 521 808 vir
548 767 678 809 sortis
721 783 823 811 cum
856 765 970 810 mala
1007 764 1191 807 fortuna
1228 760 1531 820 compositus,

197 845 358 902 utique
380 843 417 884 si
443 854 488 897 et
513 845 792 902 provocavit.
849 845 953 889 Non
974 842 1134 893 video,
1164 841 1387 898 inquam,
1420 831 1537 894 quid·

199 919 367 961 habeat
400 919 450 960 in
487 921 620 962 terris
660 921 843 980 Jupiter
882 921 1149 984 pulchrius,
1191 916 1230 960 si
1265 922 1537 958 convertere

199 994 403 1044 animum
423 991 534 1033 velit
552 1022 566 1046 ,
598 1009 736 1051 quam
754 1005 806 1038 ut
823 1007 1000 1056 spectet
1027 997 1245 1040 Catonem
1259 1023 1272 1044 ,
1304 991 1394 1049 iam
1414 1004 1533 1048 par-

198 1066 322 1110 tibus
350 1081 445 1109 non
478 1066 621 1110 semel
649 1067 837 1122 fractis,
867 1079 1063 1112 stantem
1093 1066 1389 1110 nihilominus
1409 1065 1534 1106 inter

140 1157 166 1202 7
198 1144 351 1187 ruinas
385 1141 594 1205 publicas
637 1155 831 1189 rectum.
891 1143 1052 1194 Licet,
1080 1143 1264 1203 inquit,
1296 1139 1449 1184 omnia
1480 1137 1535 1181 iu

203 1220 336 1263 unius
373 1219 596 1262 ditionem
623 1221 963 1274 concesserint,
993 1217 1311 1263 custodiantur
1345 1215 1536 1272 legioni-

199 1293 285 1337 bus
333 1305 480 1337 terrae
502 1326 516 1343 ,
565 1293 779 1339 classibus
823 1297 991 1351 maria,
1039 1293 1333 1340 Caesarianus
1380 1302 1536 1351 portas

158 1354 161 1356 ‚
197 1367 326 1411 miles
373 1366 614 1416 obsideat=
659 1370 808 1428 Ceto,
856 1388 947 1431 qua
991 1382 1159 1424 exeat,
1203 1370 1360 1413 habet.
1430 1368 1536 1410 Una

202 1458 341 1486 manu
384 1443 524 1489 latam
551 1445 759 1490 libertati
787 1448 907 1491 viam
948 1448 1103 1490 faciet.
1161 1445 1354 1488 Ferrum
1376 1443 1534 1496 istud,

193 1520 329 1562 etiam
353 1521 470 1565 civili
497 1521 618 1565 bello
650 1540 820 1584 purum
851 1535 899 1567 et
935 1524 1174 1566 innoxium
1194 1553 1208 1576 ,
1240 1522 1385 1565 bonas
1421 1532 1532 1565 tan-

198 1594 304 1640 dem
325 1613 377 1640 ac
402 1596 576 1641 nobiles
600 1599 705 1643 edet
731 1614 908 1658 operas,
951 1596 1210 1641 libertatem
1226 1629 1240 1653 ‚
1273 1613 1411 1656 quam
1434 1613 1530 1658 pa·

203 1673 315 1715 triae
354 1688 449 1717 non
483 1673 659 1732 potuit,
693 1675 858 1718 Catoni
901 1673 1049 1717 dabit.
1108 1672 1372 1731 Aggredere
1422 1673 1531 1715 ani-

192 1765 264 1794 me
297 1750 378 1793 diu
406 1750 679 1795 meditatum
713 1765 863 1809 opus3
896 1751 1024 1810 eripe
1062 1762 1107 1795 te
1135 1751 1273 1795 rebus
1306 1750 1533 1797 humanis.

1431 1827 1534 1873 Jam

174 1940 392 1978 Honestior.
436 1941 521 1978 Arn.
546 1941 759 1987 honestius,
781 1941 872 1988 quod
898 1941 1059 1988 frigidius
1073 1942 1222 1981 videtur.

179 1999 216 2034 6.
262 2001 441 2032 Possunt.
488 1997 590 2036 Voss.
618 2001 778 2046 possint.
824 1999 922 2035 Idem
955 2008 1076 2036 contra
1108 2013 1170 2047 pro
1201 2003 1409 2049 respiciat,
1439 2003 1532 2051 quod

134 2067 212 2092 mox
231 2055 387 2103 sequitur
399 2083 409 2102 ,
434 2057 601 2104 respicit.

183 2116 267 2150 Sed.
291 2114 328 2148 in
349 2113 449 2152 Voss.
471 2114 588 2149 deest:
613 2115 720 2150 Fabr.
740 2115 868 2151 habere
888 2116 1023 2152 videtur
1041 2118 1145 2154 haec.

177 2173 288 2207 Mala
294 2175 475 2221 fortuna.
521 2172 609 2211 God.
629 2180 774 2221 uterque
786 2176 955 2222 fortuna
978 2175 1094 2213 mala.
1124 2174 1223 2213 Voss.
1250 2187 1331 2211 mox
1351 2183 1391 2214 et
1412 2178 1449 2213 si
1464 2189 1528 2225 pro

130 2233 166 2267 si
188 2239 238 2269 et.

176 2291 347 2327 Habeat.
373 2291 456 2329 cod.
484 2291 621 2330 Palu-ic.
646 2292 769 2338 hane,
793 2304 909 2327 errore
934 2292 1037 2327 credo
1058 2291 1213 2330 librarii.

178 2352 347 2387 Rectum.
395 2351 595 2397 Antiquitus
629 2350 806 2395 legebatur
834 2358 975 2385 notante
999 2350 1095 2386 Pinc.
1124 2358 1318 2391 ereetum5
1357 2350 1416 2385 sed
1439 2350 1547 2387 illud·

134 2404 289 2443 firmatur
299 2408 370 2444 alio
385 2408 461 2445 loco
478 2438 488 2455 ,
511 2409 605 2444 infra
616 2433 627 2451 ,
647 2409 702 2445 ΙΙΙ
713 2438 723 2454 ,
737 2411 770 2447 4.
797 2424 812 2445 n
832 2411 1078 2445 rectissimum
1092 2437 1102 2455 ,
1114 2412 1137 2428 ¹’
1164 2417 1200 2444 et
1210 2410 1333 2455 Epist.
1349 2408 1528 2452 xxxvu,

134 2475 167 2499 2.
193 2476 209 2497 t
229 2473 330 2500 recto
348 2469 420 2502 tibi
443 2469 656 2514 invictoque
678 2470 906 2502 moriendum
933 2476 1000 2504 est.
1014 2471 1039 2487 ’¹
1088 2466 1189 2502 Aliud
1210 2474 1263 2502 est
1285 2474 1410 2502 erecta
1440 2480 1531 2503 con-

135 2522 247 2598 eilia:
269 2524 395 2568 Epist.
419 2526 519 2569 XLI,
543 2539 578 2564 2.
602 2533 637 2561 et
659 2526 749 2571 quod
773 2537 878 2572 supra
905 2526 1115 2572 habuimus,
1147 2540 1163 2562 n
1182 2525 1235 2562 vir
1253 2526 1353 2561 modo
1379 2533 1414 2561 et
1431 2539 1531 2562 erec-

136 2582 229 2616 tusff

182 2649 217 2685 7.
263 2638 469 2678 Ditionem.
490 2640 589 2676 Non
627 2640 842 2676 intellectum
875 2654 894 2677 a
931 2642 1108 2680 librariis:
1143 2642 1279 2682 Fabric.
1312 2642 1415 2679 enin
1421 2641 1533 2682 habet

137 2697 361 2736 conditione.
407 2697 505 2734 Voss.
530 2702 789 2738 zvnditibnem.
1405 2722 1410 2725 ⁸

177 2759 319 2795 Etim
365 2769 425 2806 pto
454 2759 492 2794 in
514 2757 609 2796 Pinc.
634 2771 673 2795 ex
694 2762 837 2807 antique
858 2758 1007 2796 lection’e
1024 2759 1176 2806 scripsit.

1127 2819 1191 2861 5.
