2014 3354
973 244 1187 308 (18)

433 379 511 423 An
543 378 663 421 liber
703 376 780 420 hic
811 373 1020 431 egregius
1057 376 1238 432 integer
1270 374 1330 419 ad
1370 386 1453 421 nos
1476 369 1777 435 pervenerim

374 458 472 514 jam
499 444 764 500 videndum.
806 450 934 495 Sunt
946 440 1094 505 enim,
1126 451 1213 510 qui
1227 451 1776 510 negent,n'1agnaeauc-

378 526 577 577 totitatis
616 528 730 574 Viri.
789 516 1032 584 Siquxdem
1059 523 1119 568 ad
1160 528 1267 571 αδ.
1313 529 1537 586 §.1.ubi
1576 528 1796 586 scriptor-¹

375 606 634 654 disserendi
691 601 905 648 ordinem
947 618 1215 662 proponens
1256 603 1532 650 enumeratis
1582 600 1797 665 quatuor'

377 678 588 742 partibus
625 681 691 726 ita
724 680 879 741 pergit
919 699 941 726 (ι
967 677 1259 739 persuadebo
1289 679 1402 726 inde
1433 680 1559 733 fibi,
1593 692 1652 726 ne
1683 696 1784 725 un·-

378 782 402 810 q
430 763 570 821 quam
611 757 723 803 boni
751 755 837 801 viri
871 756 1154 811 miserem-iu
1201 769 1356 814 potest
1384 760 1505 802 enim
1535 758 1672 800 miser
1700 757 1786 800 di-

380 857 405 885 «
432 837 504 893 ei,
549 849 643 879 non
685 842 839 891 potest
874 832 998 874 esse'
1003 828 1120 873 ’ad
1146 844 1252 874 eum
1282 830 1430 888 igitur
1455 830 1608 877 locum
1638 816 1797 892 Lip-'

377 916 500 975 sius
523 911 910 976 mmmmm-meze,
943 911 996 949 ut
1024 904 1227 952 solebatz
1290 927 1314 953 «
1340 906 1465 950 Haec
1494 919 1602 964 pars
1632 906 1682 948 in
1712 905 1780 948 fi-

373 1009 400 1037 a·
425 1004 483 1033 ne
516 981 679 1041 deest,
715 993 976 1046 temporum
1001 978 1200 1040 injuria,
1231 998 1329 1028 non
1363 981 1604 1056 scriptori}
1637 981 1782 1026 incu-

379 1085 405 1110 (ι
404 1054 516 1106 ria.
531 1060 563 1083 ''
626 1061 682 1104 In
712 1056 909 1103 eandem
953 1057 1053 1126 fere
1091 1058 1366 1102 sententiam
1403 1056 1586 1103 Ruhk
1585 1072 1652 1118 op
1666 1054 1790 1102 ssus

385 1125 445 1179 ad
473 1151 579 1179 eum
615 1135 770 1182 locum
803 1121 1062 1180 annotavit.
1123 1136 1437 1181 Fabricius
1463 1140 1674 1195 quoque,
1707 1130 1806 1180 sed*

387 1208 680 1257 dubitantius
699 1244 713 1268 ,
757 1208 877 1257 Bihl
937 1206 1055 1256 Lat.
1095 1208 1298 1270 p.1o5:
1341 1231 1366 1259 «
1390 1211 1456 1256 De
1493 1205 1794 1258 Providentia

384 1308 407 1334 «
433 1288 555 1331 liber
575 1319 590 1343 ,
622 1292 849 1338 extrema,
882 1298 933 1329 ut
960 1276 1176 1342 v'idetur,
1207 1298 1339 1345 parte
1375 1282 1581 1332 mutilus.
1601 1288 1634 1309 ’⁹
1692 1280 1793 1332 Ra-

382 1361 558 1419 tiones,
591 1365 763 1423 quibus
794 1365 871 1408 hic
900 1363 950 1406 in
984 1379 1083 1407 eam
1115 1355 1392 1408 sententian}
1432 1364 1662 1409 adductus
1700 1365 1792 1421 sit,

383 1441 499 1488 c'u'm*
519 1444 617 1502 ipse
648 1455 742 1484 non
787 1435 1141 1497 significaverit,
1172 1439 1469 1498 ignoramus;
1516 1458 1794 1500 quamquam

382 1518 611 1578 suspicari
661 1517 804 1570 licet,
859 1515 1055 1560 eandem
1098 1516 1139 1560 ei
1164 1549 1179 1566 ,
1231 1532 1369 1574 quam
1415 1515 1508 1560 illis
1539 1548 1555 1570 ‚
1613 1532 1794 1563 eausam

381 1594 549 1647 fuisse,
582 1590 709 1652 quod
741 1607 766 1636 e
792 1592 1005 1649 quinque
1032 1590 1241 1648 partibus
1265 1593 1517 1649 propositis
1545 1609 1633 1637 una
1656 1608 1793 1650 prae-

381 1674 592 1719 termissa
629 1668 895 1720 videretur,
946 1667 1010 1709 Et
1036 1664 1224 1710 difficile
1258 1665 1447 1726 quidem
1485 1678 1555 1712 est
1589 1687 1615 1712 a
1648 1666 1791 1713 Viro—

382 1765 490 1796 rum
517 1742 897 1791 Doctissimorum
926 1744 1158 1787 sententia
1205 1741 1479 1797 discedere3
1527 1744 1608 1788 sed
1641 1755 1795 1789 tamen

378 1823 507 1871 haud
532 1823 701 1877 sciam,
731 1836 791 1864 an
819 1818 972 1863 afferri
1001 1817 1227 1880 quaedam
1267 1818 1480 1882 possint,
1513 1815 1679 1880 quibus
1709 1822 1793 1863 in-

382 1907 565 1961 tegrum
607 1913 703 1942 esse
753 1897 930 1941 librum
977 1894 1269 1940 ostendatur.
1346 1894 1626 1941 Divisionem
1668 1896 1795 1943 illam

384 1977 527 2043 P'aulo
561 1973 825 2031 diligentius
853 1972 1213 2017 consideremus.
1275 1970 1453 2028 capitis
1482 1971 1616 2015 initio
1653 1969 1791 2017 dixe-

386 2066 463 2102 rat
481 2074 495 2100 ι
530 2070 553 2099 κ
580 2047 673 2097 Sed
700 2050 794 2107 jam
812 2045 1099 2112 procedente
1126 2047 1333 2092 oratione
1358 2046 1624 2102 ostendam,
1658 2065 1796 2107 quam

394 2154 418 2181 ι(
443 2146 539 2175 ιιοιι
567 2130 660 2172 sint
677 2159 690 2179 ‚
716 2139 832 2184 quae
857 2123 1075 2167 videntur
1092 2156 1107 2179 ,
1136 2123 1269 2169 mala.
1289 2124 1321 2144 '²
1365 2124 1468 2167 Jam
1487 2133 1683 2184 quatuor
1712 2127 1795 2169 in-

404 2204 639 2263 terjectis,
692 2216 807 2259 quae
841 2200 969 2262 prius
1009 2199 1251 2245 tractanda
1288 2199 1468 2255 forent,
1510 2200 1634 2246 idem
1679 2200 1797 2247 illud

392 2285 582 2329 mutatis
622 2277 772 2322 verbis
805 2278 1004 2335 repetita
1049 2298 1074 2325 «
1098 2278 1389 2339 persuadebo
1427 2277 1542 2322 inde
1584 2278 1694 2333 tibi,
1737 2296 1798 2325 ne

398 2382 424 2409 ς
447 2359 655 2418 unquam
691 2353 851 2398 boni’'
883 2366 972 2399 cet.
1034 2357 1134 2402 Hoc
1161 2356 1312 2417 ipsum
1351 2369 1502 2402 autem
1521 2391 1535 2410 ,
1566 2375 1618 2404 ea
1639 2393 1652 2412 ‚
1683 2378 1800 2421 quae

400 2435 519 2482 mala
551 2432 684 2476 bonis
717 2432 826 2475 viris
863 2432 1075 2477 accidere
1106 2432 1376 2478 dicerentur
1397 2466 1413 2488 ‚
1444 2451 1537 2481 non
1568 2451 1663 2482 esse
1694 2454 1802 2483 vere

402 2511 522 2561 mala
539 2542 554 2566 ,
585 2524 626 2553 c.
649 2510 693 2553 6.
722 2508 789 2551 sic
805 2500 1033 2554 ostendit:
1064 2509 1180 2555 mala
1198 2525 1296 2555 esse
1325 2532 1350 2558 «
1374 2511 1543 2556 seelera
1565 2527 1610 2559 et
1631 2515 1803 2572 flagitia

404 2610 429 2637 «
454 2600 501 2633 et
538 2584 829 2642 cogitationes
867 2584 1129 2644 improbas,
1162 2600 1209 2630 et
1241 2589 1375 2632 avida
1409 2590 1623 2643 consilia,
1654 2600 1699 2632 et
1733 2589 1799 2632 li-

407 2686 430 2713 «
456 2665 665 2710 bidinem
685 2676 863 2706 caecam
879 2695 891 2714 ‚
920 2674 966 2706 et
979 2661 1130 2709 alieno
1154 2665 1467 2710 imminentem
1490 2667 1750 2718 avaritiamg
1771 2665 1803 2684 ”

396 2744 512 2789 haec
554 2751 706 2784 autem
745 2742 895 2783 omnia
938 2741 1083 2786 Deum
1131 2758 1156 2784 a
1194 2744 1302 2787 viris
1346 2744 1477 2788 bonis
1520 2745 1793 2797 removisse3

1723 2838 1804 2865 ce-
