2014 3354
984 227 1195 284 (24)

391 357 507 405 cum·
546 347 667 407 notis
704 347 959 403 Mureti,
1006 349 1186 394 Fabri
1221 347 1503 411 aliorumque
1538 351 1780 398 multorum

391 421 506 465 exiit
531 439 606 482 ap.
639 425 795 468 Perier
826 425 910 468 ΑΟ.
935 427 1061 481 1607.

432 497 530 541 ,His
561 501 776 544 subsidiis
816 503 1068 561 instructus
1116 517 1220 547 cum
1249 502 1307 547 ad
1344 506 1644 551 Annaeum
1688 488 1780 551 no}

388 585 534 617 strum
560 578 849 631 accederem,
877 578 927 622 id
961 579 1076 623 mihi
1108 582 1356 639 proposui,
1388 583 1513 625 utin
1546 582 1780 642 plerisque

385 648 717 714 Ruhkopfii
763 654 960 700 lectione
997 668 1172 700 servata
1198 688 1212 711 ,
1256 657 1403 700 sicubi
1434 656 1778 712 ‚discedendum

388 726 446 768 ab
480 744 533 771 ea
566 718 831 784 rideretur,
871 735 970 788 ejus
1016 736 1081 775 rei
1118 734 1340 776 rationem
1378 736 1427 776 in
1463 733 1630 777 notulis
1650 735 1776 793 'sub-

382 803 520 859 jectis
544 806 792 851 redderem
821 808 907 863 (48
923 808 940 863 )
957 837 971 860 ,
1003 817 1098 848 tum
1119 816 1319 850 ceteram
1337 808 1628 855 varietatem,
1662 821 1780 865 quae

379 872 493 921 licet
520 881 571 924 in
606 890 781 924 textum
805 896 900 925 non
921 880 1191 944 recipienda
1208 912 1220 933 ‚
1249 891 1413 925 notatu
1450 890 1604 924 tamen
1637 879 1777 938 digna

378 951 616 1006 videretur
632 987 646 1010 ‚
676 957 834 1017 paucis
859 971 1275 1017 commemorarem,
1458 1016 1463 1019 Α

440 1030 662 1093 Sequitur
683 1033 995 1089 Annotatio,
1022 1035 1072 1077 in
1103 1050 1193 1094 qua
1230 1032 1345 1094 quid
1385 1047 1480 1076 non
1522 1043 1778 1087 assecutus,

378 1108 465 1155 sed
494 1120 675 1154 secutus
714 1108 827 1159 sim,
870 1109 1028 1168 paucis
1062 1108 1196 1153 velim
1240 1109 1520 1156 edoceantur
1554 1108 1768 1156 lectores·

379 1187 501 1230 Cum
537 1184 685 1237 enim,
716 1196 767 1227 ut
791 1183 1028 1243 praeclare
1054 1183 1569 1243 Wyttenbachius
1612 1170 1772 1248 expli-

377 1264 504 1318 cuit,
545 1262 693 1307 omnis
734 1259 916 1318 antiqui
956 1259 1201 1320 scriptoris·
1230 1260 1556 1320 interpretatio
1599 1258 1773 1321 duplex

374 1337 465 1380 sibi
502 1351 667 1379 munus
706 1335 969 1391 subjectum
1021 1336 1214 1391 habeat,
1260 1351 1455 1394 quorum
1486 1337 1680 1382 alterum
1718 1338 1772 1381 in

376 1412 582 1467 verbis„
612 1411 804 1454 alterum
843 1411 891 1452 in
932 1409 1069 1453 rebus
1112 1409 1395 1454 illustrandis
1444 1413 1640 1471 positum
1679 1412 1767 1463 sit,

374 1475 620 1534 verborum
650 1482 893 1552 difficultas
916 1486 965 1527 in
1003 1486 1091 1528 hoc
1122 1482 1345 1545 scriptore
1381 1488 1576 1531 maxime
1613 1488 1772 1531 nasci-

374 1576 451 1609 tur
480 1578 537 1608 ex
564 1553 787 1622 impedita
821 1575 1163 1620 nonnunquam
1209 1572 1441 1605 structura
1460 1594 1475 1617 ,
1505 1562 1766 1622 particula-

376 1655 484 1684 rum
526 1637 769 1682 omissione
790 1667 805 1691 ,
850 1636 1002 1680 subito
1040 1636 1097 1679 ab
1129 1635 1215 1679 alia
1247 1637 1304 1679 ad
1345 1638 1478 1681 aliam
1503 1637 1771 1697 disputandi

374 1717 604 1760 rationem
647 1712 874 1766 transitu,
915 1727 1123 1769 quaeque
1155 1723 1264 1756 sunt
1305 1712 1377 1756 his
1405 1713 1602 1770 similia3
1638 1711 1767 1773 quod

374 1805 519 1848 genus
549 1785 820 1844 diligenter,
862 1776 1165 1846 quamquam,
1200 1798 1251 1830 ut
1291 1786 1404 1830 mihi
1441 1787 1656 1845 videtur,
1687 1789 1770 1832 ali-

371 1850 566 1925 quando
596 1860 736 1922 paulo
765 1862 983 1920 minutius
1018 1865 1192 1906 notavit
1219 1863 1396 1906 Henr.
1429 1863 1765 1922 Stephanus

370 1933 422 1985 in
453 1937 807 1996 Proodopoeia.
866 1937 954 1980 Eas
993 1937 1134 1993 igitur
1167 1929 1455 1980 difficultates
1490 1948 1541 1979 ut
1564 1938 1764 1996 expedi-

364 2004 499 2072 rem,
542 2001 770 2071 legendo,
810 2011 1116 2066 meditando,
1166 2011 1474 2069 comparando
1502 2012 1764 2057 Senecae

371 2090 660 2151 cogitationis
701 2089 845 2133 veluti
887 2103 1070 2133 cursum
1112 2084 1386 2142 vinvestigare
1435 2099 1623 2132 conatus
1665 2105 1765 2133 sum

366 2186 518 2230 eoque
545 2180 765 2233 tanquam
793 2163 1028 2209 Ariadneo
1059 2161 1139 2206 filo
1167 2177 1371 2218 gressum
1405 2160 1578 2220 regere.
1636 2166 1760 2212 Ver·-

363 2248 440 2293 his
482 2242 669 2302 singulis
707 2236 1011 2299 explanandis
1066 2238 1118 2283 in
1157 2240 1245 2283 hac
1291 2238 1529 2284 literarum
1571 2240 1673 2286 luce
1714 2252 1762 2285 et

363 2323 526 2371 Lexici
574 2317 876 2367 Schelleriani
927 2332 1013 2359 usu
1049 2315 1356 2374 vulgatissimo
1400 2317 1549 2359 minus
1593 2331 1760 2374 operae

358 2397 626 2447 navandum
654 2395 809 2454 censui
828 2428 842 2445 ,
874 2393 963 2438 nisi
986 2393 1065 2436 ubi
1094 2391 1168 2438 vel
1196 2391 1391 2436 interior
1420 2407 1524 2434 cum
1549 2395 1752 2451 scripto-

359 2493 411 2523 te
442 2485 678 2521 contracta
709 2470 1020 2526 familiaritas,
1066 2480 1143 2514 aut
1175 2466 1379 2535 subsidia
1415 2468 1635 2528 quaedam
1676 2467 1751 2511 fe·-

1690 2540 1755 2583 li-

405 2656 502 2703 (48)
528 2647 616 2690 Exim
644 2661 758 2688 tamen
782 2651 983 2697 religionem
1017 2651 1053 2685 in
1073 2651 1174 2686 rebus
1201 2647 1469 2694 minutioribus,
1494 2658 1524 2683 v.
1549 2657 1577 2680 c.
1603 2656 1683 2678 cum
1710 2655 1753 2678 an

356 2727 468 2764 quum
490 2711 707 2747 scribendum
723 2739 731 2754 ,
755 2718 789 2745 et
809 2723 895 2756 quae
926 2721 1022 2744 voces
1045 2708 1155 2744 literis
1181 2707 1375 2753 majusculis
1407 2704 1592 2740 ordiendae
1619 2710 1750 2748 essent,

357 2772 588 2809 „censariam
607 2783 674 2806 non
699 2767 859 2815 judicavi.
