2014 3354
354 205 405 255 84
976 209 1141 230 ¹¹¹-

387 330 503 363 teriem
540 337 669 364 mutare
702 339 875 373 nequeat,
909 333 956 366 ita
988 342 1098 375 neque
1131 334 1243 368 Deum
1276 332 1446 367 materiem
1479 333 1521 366 ad
1546 334 1786 370 elaborandum
1825 356 1828 360 ·

387 400 454 434 sibi
497 402 609 435 datam
628 428 641 444 ‚
681 403 716 436 id
750 410 799 434 est
842 402 1050 435 necessarios
1082 412 1192 436 rerum
1222 412 1329 437 nexus
1361 403 1535 437 immutare
1566 411 1690 445 posse,
1724 414 1791 439 non

356 490 360 494 -
388 480 488 511 posse
532 473 764 505 necessitatem
806 468 898 500 illam
931 470 1143 510 transgredi,
1178 479 1245 510 qua
1277 479 1421 513 cogatur
1449 472 1506 516 ei,
1541 482 1640 516 quem
1669 475 1791 509 fertem

392 551 432 573 ac
463 549 618 581 magnum
650 535 936 570 vtrumefficere
967 537 1079 578 velit,
1113 523 1166 570 res
1200 539 1360 573 adversas
1390 541 1553 580 tribuere.
1598 548 1697 580 Hunc
1725 545 1793 580 Ioci

394 620 526 645 sensum
562 616 634 643 esse
666 608 776 651 liquet
810 617 828 640 e
860 607 1100 650 sequentibus.

346 684 432 713 haec
461 687 577 723 passa
612 687 684 715 est.
731 681 847 712 Locus
877 677 933 711 hic
965 678 1080 712 nescio
1111 687 1154 712 an
1184 678 1230 712 sit
1262 688 1348 713 unus
1368 679 1518 714 omnium
1541 691 1560 715 e
1584 689 1659 719 toto
1679 685 1795 722 libello

390 749 636 793 difficillimus,
671 748 812 784 sortasse
843 755 1037 790 corruptus.
1085 749 1367 793 Qsalemeunque
1399 758 1512 786 tamen
1535 754 1796 796 explicationem

390 821 488 854 dedit
515 821 670 856 Ruhk.
703 829 805 861 quam
838 819 871 852 in
902 821 993 857 Not.
1023 821 1110 855 cn't.
1142 821 1299 858 exhibui.
1353 823 1409 857 De
1440 827 1581 861 materia
1609 830 1794 864 secundum

393 895 555 936 Stoicos,
598 895 706 928 altero
746 893 938 935 principio,
991 896 1086 935 quod
1117 895 1270 929 dicerent
1311 895 1352 931 «ra
1384 899 1546 942 πάσχον,
1591 901 1649 935 orior
1680 900 1797 936 ἄποιον

392 966 530 1008 οὐσίαν,
570 967 647 1002 vid.
681 967 808 1008 LiPS.
846 967 958 1008 Phys.
995 975 1032 1009 ρ.
1065 970 1106 1008 8,
1139 980 1184 1011 9,
1216 970 1272 1012 (9.
1300 978 1380 1012 sqq.
1429 968 1599 1003 Gntak.
1632 970 1682 1003 ad
1712 971 1796 1004 An·

393 1046 489 1069 ton.
524 1038 602 1079 v1,
631 1048 675 1078 1,
712 1039 923 1082 Lennep.
959 1042 1008 1074 ad
1039 1030 1176 1077 Phal-
1207 1043 1278 1086 Ep.
1308 1049 1346 1086 p.
1374 1051 1461 1084 149,
1497 1051 1649 1084 quosque
1682 1042 1799 1077 laudat

393 1111 499 1143 Doct.
532 1111 937 1166 BaguetnsOComm.
972 1115 1015 1146 de
1048 1112 1181 1157 Chrys.
1210 1122 1249 1157 p.
1274 1116 1341 1157 78,
1367 1122 1441 1159 154.

351 1183 538 1224 Quaedam
564 1200 604 1209 —
626 1191 726 1218 sunt.
773 1185 849 1218 Hoc
877 1184 1095 1219 fundamento
1117 1185 1237 1219 nititur
1257 1185 1314 1219 illa
1336 1184 1482 1218 vitarum
1504 1182 1664 1225 sortitio,
1697 1194 1798 1226 qnam

393 1251 523 1284 inducit
554 1252 695 1286 Plato
727 1254 769 1285 de
794 1254 897 1301 Vlup.
925 1255 972 1288 X.
1004 1261 1045 1296 p.
1070 1255 1149 1295 382.
1184 1264 1265 1298 sqq·

351 1324 387 1354 in
409 1332 565 1356 somnum
593 1325 712 1364 itura.
760 1325 844 1360 Vid.
874 1334 974 1368 supra
1002 1327 1045 1359 ad
1078 1326 1159 1368 lv,
1183 1335 1228 1366 ει
1265 1349 1293 1367 ,,
1315 1325 1436 1360 virtuti
1467 1324 1574 1359 iturae
1608 1326 1641 1358 in
1674 1327 1799 1360 obscu-

390 1391 513 1427 rum.''

355 1465 464 1497 inert.
500 1471 593 1500 nece.
627 1467 675 1499 el.
733 1466 823 1500 Huic
854 1470 1006 1502 membro
1042 1478 1118 1502 cum
1143 1467 1199 1502 illa
1223 1468 1470 1511 respondeant:
1507 1493 1537 1512 ‚,
1557 1471 1697 1506 fortiore
1730 1473 1801 1507 fato

393 1544 479 1575 opus
500 1543 571 1569 est.
615 1536 692 1569 Non
715 1537 779 1570 erit
798 1537 890 1572 illi”
927 1547 995 1576 cet.
1020 1541 1087 1574 hoc
1106 1540 1244 1582 quidem
1268 1541 1347 1575 loco
1371 1541 1447 1576 talis
1467 1542 1636 1577 sententia
1658 1543 1801 1586 requiri-

395 1615 471 1648 tur,
507 1607 674 1651 languidis
707 1608 849 1651 ingeniis
883 1610 1018 1644 mollius
1048 1611 1154 1644 satum
1186 1611 1306 1648 tribui.
1352 1612 1448 1654 Quae
1478 1621 1582 1653 quare
1614 1613 1664 1646 sic
1693 1621 1800 1645 enun-

397 1679 533 1711 tiaverit
575 1682 731 1720 Auctor,
778 1682 905 1715 indicat
945 1682 1075 1722 Lips.
1134 1704 1162 1721 ,‚
1188 1682 1277 1713 Vult
1319 1690 1401 1713 ecce
1436 1681 1608 1715 materiem
1653 1691 1803 1715 caussam

400 1758 472 1781 esse
506 1748 626 1780 talium
657 1749 840 1782 effectuum
872 1749 929 1782 vel
961 1756 1172 1790 eventuum,
1209 1756 1245 1780 et
1273 1750 1315 1780 ab
1337 1748 1459 1789 ignava
1482 1748 1537 1780 illa
1558 1749 1701 1791 ignavos
1729 1751 1804 1793 gig.

398 1818 452 1858 ni3
486 1824 521 1849 et
550 1816 656 1849 vitam
689 1817 813 1858 pariter
840 1821 1169 1854 sortemquetotam
1206 1812 1357 1848 talem.”
1402 1816 1514 1850 Possit
1544 1818 1612 1851 huc
1644 1818 1806 1852 advocari

401 1890 523 1931 Epist.
549 1888 706 1928 CXVII,
729 1897 793 1928 24:
830 1909 859 1927 ‚‚
885 1887 979 1919 Haec
1002 1895 1124 1927 nempe
1146 1892 1226 1920 sunt
1249 1885 1443 1928 elementa,
1479 1887 1603 1928 quibus
1625 1887 1681 1921 hic
1703 1898 1803 1922 mun..

396 1960 457 1992 dus
482 1958 779 1993 administratur.”
823 1958 901 1991 Alia
925 1958 1063 1991 videtur
1085 1966 1158 1991 esse
1182 1957 1350 1991 sententia
1376 1957 1511 1992 Ruhk
1527 1957 1670 2000 opfii,
1701 1958 1804 2001 quip-

397 2035 440 2071 p'c
466 2029 533 2071 <qui
569 2030 682 2063 locum
716 2029 812 2062 affert
840 2030 883 2061 de
912 2029 967 2062 [ν.
999 2027 1059 2068 ll,
1086 2029 1145 2068 18,
1174 2037 1228 2070 ¹9·
1276 2028 1403 2060 Verum
1438 2027 1488 2061 ibi
1519 2027 1561 2061 de
1582 2028 1730 2069 ipsorum
1752 2029 1804 2061 in-

394 2099 570 2142 geniorum
604 2098 902 2142 temperamentis.
938 2107 1025 2138 quae
1054 2096 1234 2141 dicuntur,
1267 2107 1334 2131 non
1364 2097 1408 2131 de
1440 2099 1510 2132 fato
1539 2097 1725 2132 disseritur·

354 2175 413 2208 vir
447 2183 521 2206 cum
556 2185 644 2207 cura
680 2175 753 2208 dic.
785 2174 815 2209 i.
841 2182 874 2206 e.
907 2173 1065 2213 dignus,
1098 2171 1203 2212 cujus
1238 2172 1369 2205 laudes
1399 2175 1570 2204 accurate
1601 2171 1806 2213 composite-

398 2253 465 2284 que
498 2245 767 2280 praedicemur,
813 2242 868 2275 Eo
898 2251 998 2281 sensu
1029 2241 1141 2275 Tac.
1169 2241 1268 2275 Ann.
1297 2239 1375 2281 lv,
1406 2239 1469 2273 612
1512 2261 1542 2281 „
1566 2238 1710 2274 Scilicet
1736 2240 1801 2273 im·

398 2321 479 2354 pern
513 2313 642 2356 magis,
660 2321 779 2354 ·quam
814 2323 893 2348 cura
922 2314 1093 2357 vigebat,
1125 2320 1233 2353 utque
1263 2310 1403 2345 aliorum
1436 2313 1614 2347 meditatio
1642 2321 1678 2347 et
1709 2314 1806 2347 labor

396 2388 429 2420 in
464 2395 635 2428 posterum
666 2386 831 2421 valescit=
873 2385 922 2420 sic
954 2383 1087 2419 Haterii
1116 2392 1273 2417 canorum
1307 2382 1390 2418 illud
1421 2391 1456 2418 et
1487 2384 1682 2436 profluens,
1721 2395 1801 2419 cunr

395 2460 467 2500 ipso
501 2459 600 2491 simul
634 2459 839 2493 exstinctum
872 2457 970 2492 est.”
1016 2458 1195 2490 Seneca
1228 2463 1267 2490 ut
1297 2459 1333 2491 Ιι.
1357 2458 1388 2494 1.
1424 2466 1460 2492 et
1491 2460 1535 2492 de
1564 2460 1702 2503 Tranq.
1739 2469 1806 2496 anu

393 2530 502 2572 XIV,
534 2530 569 2563 6.
601 2529 643 2561 de
675 2529 739 2563 viri
772 2530 959 2571 laudibus,
997 2526 1043 2561 ita
1077 2528 1119 2561 de
1154 2528 1344 2571 argumenti
1361 2529 1521 2575 diligenti
1544 2530 1802 2572 pertractatione

394 2602 528 2642 phrasin
570 2600 713 2634 eandem
755 2600 936 2642 usurpavit
979 2602 1022 2633 de
1051 2602 1138 2634 Ben.
1170 2600 1245 2641 lv,
1271 2609 1311 2634 ιτ
1351 2624 1381 2644 „
1407 2602 1461 2636 Ex
1494 2602 1675 2642 omnibus,
1717 2610 1804 2641 quae

395 2673 638 2714 tractavimus,
676 2670 807 2706 Aebuti
836 2671 1024 2714 Liberalis,
1056 2678 1171 2713 potest
1201 2671 1311 2705 videri
1343 2673 1428 2706 nihil
1461 2680 1529 2706 tam
1552 2671 1803 2713 necessarium,

393 2749 452 2777 a‘ut
485 2745 615 2787 magis,
653 2752 692 2778 ut
726 2743 774 2778 ait
803 2743 1006 2786 Sallustius,
1044 2752 1122 2777 cum
1157 2742 1242 2777 cura
1270 2744 1478 2789 dicendum,
1514 2754 1615 2787 quam
1646 2743 1738 2784 quod
1767 2744 1803 2778 in

393 2818 547 2852 mnibus
578 2819 675 2854 est.’'
724 2819 834 2861 qum
864 2819 974 2853 locum
1012 2828 1076 2861 qua
1110 2818 1240 2853 ratione
1269 2829 1382 2856 motus
1403 2820 1437 2854 in
1462 2819 1607 2859 rragm.
1629 2824 1669 2850 ex
1694 2817 1804 2852 Hm.-

1754 2888 1801 2921 n-
