<?xml version="1.0" encoding="UTF-8"?>
<!DOCTYPE html PUBLIC "-//W3C//DTD XHTML 1.0 Transitional//EN"
    "http://www.w3.org/TR/xhtml1/DTD/xhtml1-transitional.dtd">
<html xmlns="http://www.w3.org/1999/xhtml" xml:lang="en" lang="en">
 <head>
  <title>
</title>
<meta http-equiv="Content-Type" content="text/html;charset=utf-8" />
  <meta name='ocr-system' content='tesseract 3.04.00' />
  <meta name='ocr-capabilities' content='ocr_page ocr_carea ocr_par ocr_line ocrx_word'/>
</head>
<body>
  <div class='ocr_page' id='page_1' title='image "4738100_0020.png"; bbox 0 0 2014 3354; ppageno 0'>
   <div class='ocr_carea' id='block_1_1' title="bbox 1018 270 1213 332">
    <p class='ocr_par' dir='ltr' id='par_1_1' title="bbox 1018 270 1213 332">
     <span class='ocr_line' id='line_1_1' title="bbox 1018 270 1213 332; baseline 0.005 -1"><span class='ocrx_word' id='word_1_1' title='bbox 1018 270 1213 332; x_wconf 84' lang='lat'><strong>(8)</strong></span> 
     </span>
    </p>
   </div>
   <div class='ocr_carea' id='block_1_2' title="bbox 395 386 1801 2191">
    <p class='ocr_par' dir='ltr' id='par_1_2' title="bbox 403 386 1801 913">
     <span class='ocr_line' id='line_1_2' title="bbox 407 386 1801 458; baseline 0.01 -26"><span class='ocrx_word' id='word_1_2' title='bbox 407 395 480 452; x_wconf 79' lang='lat' dir='ltr'><strong>jus</strong></span> <span class='ocrx_word' id='word_1_3' title='bbox 507 391 639 451; x_wconf 84' lang='lat'>(16)</span> <span class='ocrx_word' id='word_1_4' title='bbox 677 401 851 435; x_wconf 84' lang='lat' dir='ltr'><strong>exstare</strong></span> <span class='ocrx_word' id='word_1_5' title='bbox 893 393 1097 438; x_wconf 86' lang='lat' dir='ltr'><strong>credidit</strong></span> <span class='ocrx_word' id='word_1_6' title='bbox 1151 395 1633 458; x_wconf 82' lang='lat' dir='ltr'><strong>Wernsdorsius3</strong></span> <span class='ocrx_word' id='word_1_7' title='bbox 1692 386 1801 446; x_wconf 59' lang='lat' dir='ltr'><strong>car:</strong></span> 
     </span>
     <span class='ocr_line' id='line_1_3' title="bbox 406 467 1800 541; baseline 0.006 -27"><span class='ocrx_word' id='word_1_8' title='bbox 406 486 513 515; x_wconf 87' lang='lat' dir='ltr'><strong>men</strong></span> <span class='ocrx_word' id='word_1_9' title='bbox 554 470 676 513; x_wconf 83' lang='lat' dir='ltr'><strong>enim</strong></span> <span class='ocrx_word' id='word_1_10' title='bbox 716 467 830 511; x_wconf 87' lang='lat' dir='ltr'><strong>illud</strong></span> <span class='ocrx_word' id='word_1_11' title='bbox 857 499 872 522; x_wconf 88' lang='lat'><strong>,</strong></span> <span class='ocrx_word' id='word_1_12' title='bbox 914 469 1085 515; x_wconf 82' lang='lat' dir='ltr'><em>Aetna</em></span> <span class='ocrx_word' id='word_1_13' title='bbox 1129 471 1407 533; x_wconf 81' lang='lat' dir='ltr'><strong>inscriptum</strong></span> <span class='ocrx_word' id='word_1_14' title='bbox 1431 509 1449 532; x_wconf 87' lang='lat'><strong>,</strong></span> <span class='ocrx_word' id='word_1_15' title='bbox 1497 477 1624 541; x_wconf 83' lang='lat' dir='ltr'><strong>quod</strong></span> <span class='ocrx_word' id='word_1_16' title='bbox 1667 478 1800 536; x_wconf 66' lang='lat' dir='ltr'><strong>vulgo</strong></span> 
     </span>
     <span class='ocr_line' id='line_1_4' title="bbox 407 543 1800 605; baseline 0.006 -15"><span class='ocrx_word' id='word_1_17' title='bbox 407 543 697 591; x_wconf 88' lang='lat' dir='ltr'><strong>Cornelio</strong></span> <span class='ocrx_word' id='word_1_18' title='bbox 718 543 943 591; x_wconf 73' lang='lat' dir='ltr'><strong>‘Severo</strong></span> <span class='ocrx_word' id='word_1_19' title='bbox 972 546 1192 593; x_wconf 75' lang='lat' dir='ltr'><strong>tribuitur</strong></span> <span class='ocrx_word' id='word_1_20' title='bbox 1211 581 1225 605; x_wconf 92' lang='lat'><strong>,</strong></span> <span class='ocrx_word' id='word_1_21' title='bbox 1256 566 1280 594; x_wconf 85' lang='lat' dir='ltr'><strong>a</strong></span> <span class='ocrx_word' id='word_1_22' title='bbox 1309 551 1488 600; x_wconf 88' lang='lat' dir='ltr'><strong>Lucilio</strong></span> <span class='ocrx_word' id='word_1_23' title='bbox 1517 571 1614 602; x_wconf 87' lang='lat' dir='ltr'><strong>esse</strong></span> <span class='ocrx_word' id='word_1_24' title='bbox 1640 554 1800 602; x_wconf 89' lang='lat' dir='ltr'><strong>condi-</strong></span> 
     </span>
     <span class='ocr_line' id='line_1_5' title="bbox 405 621 1797 694; baseline 0.008 -30"><span class='ocrx_word' id='word_1_25' title='bbox 405 633 500 665; x_wconf 91' lang='lat' dir='ltr'><strong>tum</strong></span> <span class='ocrx_word' id='word_1_26' title='bbox 512 653 526 677; x_wconf 91' lang='lat'>,</span> <span class='ocrx_word' id='word_1_27' title='bbox 560 636 699 681; x_wconf 86' lang='lat' dir='ltr'><strong>quem</strong></span> <span class='ocrx_word' id='word_1_28' title='bbox 721 621 949 679; x_wconf 86' lang='lat' dir='ltr'><strong>ejusmodi</strong></span> <span class='ocrx_word' id='word_1_29' title='bbox 969 638 1084 683; x_wconf 85' lang='lat' dir='ltr'><strong>opus</strong></span> <span class='ocrx_word' id='word_1_30' title='bbox 1102 624 1176 670; x_wconf 84' lang='lat' dir='ltr'><strong>vel</strong></span> <span class='ocrx_word' id='word_1_31' title='bbox 1194 634 1377 686; x_wconf 82' lang='lat' dir='ltr'><strong>parasse</strong></span> <span class='ocrx_word' id='word_1_32' title='bbox 1393 660 1408 685; x_wconf 87' lang='lat'><strong>,</strong></span> <span class='ocrx_word' id='word_1_33' title='bbox 1436 629 1662 677; x_wconf 49' lang='lat' dir='ltr'><strong>&amp;eletiam</strong></span> <span class='ocrx_word' id='word_1_34' title='bbox 1679 643 1797 694; x_wconf 75' lang='lat' dir='ltr'><strong>per-</strong></span> 
     </span>
     <span class='ocr_line' id='line_1_6' title="bbox 403 697 1796 766; baseline 0.006 -24"><span class='ocrx_word' id='word_1_35' title='bbox 403 698 564 743; x_wconf 66' lang='lat' dir='ltr'><strong>fecisse</strong></span> <span class='ocrx_word' id='word_1_36' title='bbox 580 697 682 742; x_wconf 84' lang='lat' dir='ltr'><strong>loca</strong></span> <span class='ocrx_word' id='word_1_37' title='bbox 699 698 926 758; x_wconf 82' lang='lat' dir='ltr'><strong>quaedam</strong></span> <span class='ocrx_word' id='word_1_38' title='bbox 955 700 1216 748; x_wconf 64' lang='lat' dir='ltr'><strong>senecae</strong></span> <span class='ocrx_word' id='word_1_39' title='bbox 1245 698 1457 750; x_wconf 75' lang='lat' dir='ltr'><strong>iudicant</strong></span> <span class='ocrx_word' id='word_1_40' title='bbox 1485 708 1611 765; x_wconf 75' lang='lat' dir='ltr'><em>(17)z</em></span> <span class='ocrx_word' id='word_1_41' title='bbox 1642 711 1796 766; x_wconf 78' lang='lat' dir='ltr'><strong>neque</strong></span> 
     </span>
     <span class='ocr_line' id='line_1_7' title="bbox 405 773 1797 839; baseline 0.005 -22"><span class='ocrx_word' id='word_1_42' title='bbox 405 785 561 818; x_wconf 79' lang='lat' dir='ltr'><strong>tamen</strong></span> <span class='ocrx_word' id='word_1_43' title='bbox 593 774 864 818; x_wconf 80' lang='lat' dir='ltr'><strong>sententiam</strong></span> <span class='ocrx_word' id='word_1_44' title='bbox 899 774 1021 818; x_wconf 86' lang='lat' dir='ltr'><strong>banc</strong></span> <span class='ocrx_word' id='word_1_45' title='bbox 1047 776 1398 833; x_wconf 65' lang='lat' dir='ltr'><strong>Ruhkopfio</strong></span> <span class='ocrx_word' id='word_1_46' title='bbox 1427 781 1667 837; x_wconf 80' lang='lat' dir='ltr'><strong>probavit,</strong></span> <span class='ocrx_word' id='word_1_47' title='bbox 1713 773 1797 839; x_wconf 83' lang='lat' dir='ltr'><strong>qui</strong></span> 
     </span>
     <span class='ocr_line' id='line_1_8' title="bbox 405 848 1798 913; baseline 0.003 -18"><span class='ocrx_word' id='word_1_48' title='bbox 405 851 576 903; x_wconf 80' lang='lat' dir='ltr'><strong>Praef.</strong></span> <span class='ocrx_word' id='word_1_49' title='bbox 620 849 726 896; x_wconf 84' lang='lat' dir='ltr'><em>Vol.</em></span> <span class='ocrx_word' id='word_1_50' title='bbox 754 863 795 892; x_wconf 78' lang='lat'><strong>2.</strong></span> <span class='ocrx_word' id='word_1_51' title='bbox 817 863 875 905; x_wconf 80' lang='lat' dir='ltr'><strong>p.</strong></span> <span class='ocrx_word' id='word_1_52' title='bbox 904 860 1016 894; x_wconf 79' lang='lat' dir='ltr'><strong>xlv.</strong></span> <span class='ocrx_word' id='word_1_53' title='bbox 1057 848 1351 895; x_wconf 80' lang='lat' dir='ltr'><strong>Cornelio</strong></span> <span class='ocrx_word' id='word_1_54' title='bbox 1381 852 1571 913; x_wconf 81' lang='lat' dir='ltr'><strong>quidem</strong></span> <span class='ocrx_word' id='word_1_55' title='bbox 1603 852 1798 911; x_wconf 60' lang='lat' dir='ltr'><strong>abjudi⁶</strong></span> 
     </span>
    </p>

    <p class='ocr_par' dir='ltr' id='par_1_3' title="bbox 395 922 1800 2191">
     <span class='ocr_line' id='line_1_9' title="bbox 404 922 1721 976; baseline 0.004 -6"><span class='ocrx_word' id='word_1_56' title='bbox 404 923 632 975; x_wconf 83' lang='lat' dir='ltr'><strong>eandum,</strong></span> <span class='ocrx_word' id='word_1_57' title='bbox 661 938 757 967; x_wconf 85' lang='lat' dir='ltr'><strong>non</strong></span> <span class='ocrx_word' id='word_1_58' title='bbox 785 924 896 967; x_wconf 86' lang='lat' dir='ltr'><strong>item</strong></span> <span class='ocrx_word' id='word_1_59' title='bbox 925 922 1167 969; x_wconf 88' lang='lat' dir='ltr'><strong>Lucilio</strong></span> <span class='ocrx_word' id='word_1_60' title='bbox 1193 924 1525 972; x_wconf 78' lang='lat' dir='ltr'><strong>vindicandum</strong></span> <span class='ocrx_word' id='word_1_61' title='bbox 1551 942 1721 976; x_wconf 80' lang='lat' dir='ltr'><strong>censet.</strong></span> 
     </span>
     <span class='ocr_line' id='line_1_10' title="bbox 461 986 1794 1059; baseline 0.002 -10"><span class='ocrx_word' id='word_1_62' title='bbox 461 1004 681 1049; x_wconf 86' lang='lat' dir='ltr'><strong>Ceterum</strong></span> <span class='ocrx_word' id='word_1_63' title='bbox 704 1000 782 1045; x_wconf 87' lang='lat' dir='ltr'><strong>hic</strong></span> <span class='ocrx_word' id='word_1_64' title='bbox 810 1001 1006 1046; x_wconf 83' lang='lat' dir='ltr'><strong>amicitia</strong></span> <span class='ocrx_word' id='word_1_65' title='bbox 1032 1000 1190 1047; x_wconf 87' lang='lat' dir='ltr'><strong>floruit</strong></span> <span class='ocrx_word' id='word_1_66' title='bbox 1214 1003 1302 1048; x_wconf 87' lang='lat' dir='ltr'><strong>Cn.</strong></span> <span class='ocrx_word' id='word_1_67' title='bbox 1322 986 1507 1049; x_wconf 78' lang='lat' dir='ltr'><strong>Lentuli</strong></span> <span class='ocrx_word' id='word_1_68' title='bbox 1537 1003 1794 1059; x_wconf 60' lang='lat' dir='ltr'><strong>Gaetulicig</strong></span> 
     </span>
     <span class='ocr_line' id='line_1_11' title="bbox 404 1077 1800 1142; baseline 0.003 -18"><span class='ocrx_word' id='word_1_69' title='bbox 404 1087 574 1142; x_wconf 69' lang='lat' dir='ltr'><strong>poetae</strong></span> <span class='ocrx_word' id='word_1_70' title='bbox 593 1090 640 1123; x_wconf 92' lang='lat' dir='ltr'><strong>et</strong></span> <span class='ocrx_word' id='word_1_71' title='bbox 656 1078 865 1122; x_wconf 77' lang='lat' dir='ltr'><strong>historici</strong></span> <span class='ocrx_word' id='word_1_72' title='bbox 879 1110 896 1131; x_wconf 81' lang='grc'><em>,</em></span> <span class='ocrx_word' id='word_1_73' title='bbox 928 1077 1066 1122; x_wconf 89' lang='lat' dir='ltr'><strong>occisi</strong></span> <span class='ocrx_word' id='word_1_74' title='bbox 1083 1095 1106 1121; x_wconf 87' lang='lat' dir='ltr'><strong>a</strong></span> <span class='ocrx_word' id='word_1_75' title='bbox 1126 1078 1348 1137; x_wconf 82' lang='lat' dir='ltr'><strong>Caligula,</strong></span> <span class='ocrx_word' id='word_1_76' title='bbox 1377 1091 1620 1140; x_wconf 76' lang='lat' dir='ltr'><strong>postquam</strong></span> <span class='ocrx_word' id='word_1_77' title='bbox 1639 1082 1800 1128; x_wconf 86' lang='lat' dir='ltr'><strong>decem</strong></span> 
     </span>
     <span class='ocr_line' id='line_1_12' title="bbox 404 1153 1798 1214; baseline 0.001 -11"><span class='ocrx_word' id='word_1_78' title='bbox 404 1173 550 1204; x_wconf 86' lang='lat' dir='ltr'><strong>annos</strong></span> <span class='ocrx_word' id='word_1_79' title='bbox 593 1154 867 1202; x_wconf 80' lang='lat' dir='ltr'><strong>Germaniae</strong></span> <span class='ocrx_word' id='word_1_80' title='bbox 905 1153 1169 1214; x_wconf 80' lang='lat' dir='ltr'><strong>praefuerat</strong></span> <span class='ocrx_word' id='word_1_81' title='bbox 1210 1154 1364 1213; x_wconf 84' lang='lat'>(18);</span> <span class='ocrx_word' id='word_1_82' title='bbox 1415 1167 1511 1199; x_wconf 87' lang='lat' dir='ltr'><strong>tum</strong></span> <span class='ocrx_word' id='word_1_83' title='bbox 1546 1157 1798 1205; x_wconf 86' lang='lat' dir='ltr'><strong>Aebutium</strong></span> 
     </span>
     <span class='ocr_line' id='line_1_13' title="bbox 403 1229 1800 1292; baseline 0.001 -14"><span class='ocrx_word' id='word_1_84' title='bbox 403 1233 667 1280; x_wconf 78' lang='lat' dir='ltr'><strong>Liberalem</strong></span> <span class='ocrx_word' id='word_1_85' title='bbox 682 1262 694 1283; x_wconf 90' lang='lat'><strong>,</strong></span> <span class='ocrx_word' id='word_1_86' title='bbox 720 1230 778 1275; x_wconf 84' lang='lat' dir='ltr'><strong>ad</strong></span> <span class='ocrx_word' id='word_1_87' title='bbox 799 1245 937 1289; x_wconf 79' lang='lat' dir='ltr'><strong>quem</strong></span> <span class='ocrx_word' id='word_1_88' title='bbox 963 1229 1076 1273; x_wconf 83' lang='lat' dir='ltr'><strong>libri</strong></span> <span class='ocrx_word' id='word_1_89' title='bbox 1106 1230 1167 1274; x_wconf 82' lang='lat' dir='ltr'><strong>de</strong></span> <span class='ocrx_word' id='word_1_90' title='bbox 1190 1229 1460 1288; x_wconf 76' lang='lat' dir='ltr'><strong>Beneficiis</strong></span> <span class='ocrx_word' id='word_1_91' title='bbox 1483 1232 1648 1292; x_wconf 82' lang='lat' dir='ltr'><strong>scripti</strong></span> <span class='ocrx_word' id='word_1_92' title='bbox 1665 1242 1800 1291; x_wconf 82' lang='lat' dir='ltr'><strong>sunt‘,</strong></span> 
     </span>
     <span class='ocr_line' id='line_1_14' title="bbox 403 1304 1800 1357; baseline 0 -1"><span class='ocrx_word' id='word_1_93' title='bbox 403 1325 691 1357; x_wconf 88' lang='lat' dir='ltr'><strong>communem</strong></span> <span class='ocrx_word' id='word_1_94' title='bbox 724 1317 773 1353; x_wconf 88' lang='lat' dir='ltr'><strong>et</strong></span> <span class='ocrx_word' id='word_1_95' title='bbox 813 1306 845 1352; x_wconf 91' lang='lat' dir='ltr'>S</span> <span class='ocrx_word' id='word_1_96' title='bbox 861 1321 1073 1351; x_wconf 83' lang='lat' dir='ltr'><strong>enecae</strong></span> <span class='ocrx_word' id='word_1_97' title='bbox 1118 1317 1166 1350; x_wconf 89' lang='lat' dir='ltr'><strong>et</strong></span> <span class='ocrx_word' id='word_1_98' title='bbox 1207 1304 1374 1351; x_wconf 83' lang='lat' dir='ltr'><strong>Lucilii</strong></span> <span class='ocrx_word' id='word_1_99' title='bbox 1421 1308 1617 1354; x_wconf 84' lang='lat' dir='ltr'><strong>amicum</strong></span> <span class='ocrx_word' id='word_1_100' title='bbox 1659 1310 1800 1356; x_wconf 81' lang='lat' dir='ltr'><strong>fuisse</strong></span> 
     </span>
     <span class='ocr_line' id='line_1_15' title="bbox 400 1382 1798 1449; baseline -0.002 -17"><span class='ocrx_word' id='word_1_101' title='bbox 400 1386 634 1445; x_wconf 84' lang='lat' dir='ltr'><strong>significat</strong></span> <span class='ocrx_word' id='word_1_102' title='bbox 671 1384 837 1443; x_wconf 70' lang='lat' dir='ltr'><strong>Epist.</strong></span> <span class='ocrx_word' id='word_1_103' title='bbox 866 1399 936 1449; x_wconf 66' lang='lat'><strong>93.</strong></span> <span class='ocrx_word' id='word_1_104' title='bbox 975 1384 1087 1428; x_wconf 82' lang='lat' dir='ltr'><strong>init.</strong></span> <span class='ocrx_word' id='word_1_105' title='bbox 1164 1401 1188 1430; x_wconf 84' lang='lat'>«</span> <span class='ocrx_word' id='word_1_106' title='bbox 1213 1382 1441 1427; x_wconf 86' lang='lat' dir='ltr'><strong>Liberalis</strong></span> <span class='ocrx_word' id='word_1_107' title='bbox 1476 1395 1632 1429; x_wconf 88' lang='lat' dir='ltr'><strong>noster</strong></span> <span class='ocrx_word' id='word_1_108' title='bbox 1669 1398 1798 1430; x_wconf 86' lang='lat' dir='ltr'><strong>nunc</strong></span> 
     </span>
     <span class='ocr_line' id='line_1_16' title="bbox 405 1459 1799 1519; baseline -0.002 -11"><span class='ocrx_word' id='word_1_109' title='bbox 405 1486 428 1512; x_wconf 67' lang='lat' dir='ltr'><strong>a</strong></span> <span class='ocrx_word' id='word_1_110' title='bbox 456 1463 597 1508; x_wconf 83' lang='lat' dir='ltr'><strong>tristis</strong></span> <span class='ocrx_word' id='word_1_111' title='bbox 635 1472 742 1516; x_wconf 87' lang='lat' dir='ltr'><strong>est,</strong></span> <span class='ocrx_word' id='word_1_112' title='bbox 788 1461 1002 1504; x_wconf 88' lang='lat' dir='ltr'><strong>nuntiato</strong></span> <span class='ocrx_word' id='word_1_113' title='bbox 1038 1459 1292 1514; x_wconf 89' lang='lat' dir='ltr'><strong>incendio,</strong></span> <span class='ocrx_word' id='word_1_114' title='bbox 1337 1475 1432 1519; x_wconf 84' lang='lat' dir='ltr'><strong>quo</strong></span> <span class='ocrx_word' id='word_1_115' title='bbox 1477 1461 1799 1518; x_wconf 73' lang='lat' dir='ltr'><strong>Lugdunensis</strong></span> 
     </span>
     <span class='ocr_line' id='line_1_17' title="bbox 400 1534 1796 1593; baseline -0.001 -8"><span class='ocrx_word' id='word_1_116' title='bbox 400 1564 425 1590; x_wconf 64' lang='grc' dir='ltr'><strong>α</strong></span> <span class='ocrx_word' id='word_1_117' title='bbox 451 1539 629 1586; x_wconf 85' lang='lat' dir='ltr'><strong>colonia</strong></span> <span class='ocrx_word' id='word_1_118' title='bbox 650 1546 807 1581; x_wconf 82' lang='lat' dir='ltr'><strong>exusta</strong></span> <span class='ocrx_word' id='word_1_119' title='bbox 832 1546 915 1580; x_wconf 84' lang='lat' dir='ltr'><strong>est.</strong></span> <span class='ocrx_word' id='word_1_120' title='bbox 933 1535 966 1555; x_wconf 75' lang='lat'><strong>&#39;⁹</strong></span> <span class='ocrx_word' id='word_1_121' title='bbox 1012 1534 1233 1593; x_wconf 83' lang='lat' dir='ltr'><strong>Inprimis</strong></span> <span class='ocrx_word' id='word_1_122' title='bbox 1254 1545 1406 1578; x_wconf 84' lang='lat' dir='ltr'><strong>autem</strong></span> <span class='ocrx_word' id='word_1_123' title='bbox 1434 1550 1537 1579; x_wconf 88' lang='lat' dir='ltr'><strong>eum</strong></span> <span class='ocrx_word' id='word_1_124' title='bbox 1569 1535 1600 1581; x_wconf 95' lang='lat' dir='ltr'>S</span> <span class='ocrx_word' id='word_1_125' title='bbox 1615 1551 1682 1580; x_wconf 86' lang='lat' dir='ltr'><strong>en</strong></span> <span class='ocrx_word' id='word_1_126' title='bbox 1697 1552 1796 1583; x_wconf 78' lang='lat' dir='ltr'><strong>ece</strong></span> 
     </span>
     <span class='ocr_line' id='line_1_18' title="bbox 395 1608 1798 1669; baseline -0.003 -7"><span class='ocrx_word' id='word_1_127' title='bbox 395 1617 702 1666; x_wconf 80' lang='lat' dir='ltr'><strong>familiaritate</strong></span> <span class='ocrx_word' id='word_1_128' title='bbox 730 1611 899 1666; x_wconf 90' lang='lat' dir='ltr'><strong>coluit,</strong></span> <span class='ocrx_word' id='word_1_129' title='bbox 930 1609 1208 1668; x_wconf 85' lang='lat' dir='ltr'><strong>maximique</strong></span> <span class='ocrx_word' id='word_1_130' title='bbox 1241 1608 1385 1665; x_wconf 78' lang='lat' dir='ltr'><strong>fecit3</strong></span> <span class='ocrx_word' id='word_1_131' title='bbox 1432 1610 1558 1669; x_wconf 85' lang='lat' dir='ltr'><strong>quod</strong></span> <span class='ocrx_word' id='word_1_132' title='bbox 1586 1611 1798 1658; x_wconf 75' lang='lat' dir='ltr'><strong>indicant</strong></span> 
     </span>
     <span class='ocr_line' id='line_1_19' title="bbox 400 1683 1798 1755; baseline -0.003 -18"><span class='ocrx_word' id='word_1_133' title='bbox 400 1692 649 1755; x_wconf 85' lang='lat' dir='ltr'><strong>epistolae,</strong></span> <span class='ocrx_word' id='word_1_134' title='bbox 692 1691 743 1732; x_wconf 91' lang='lat' dir='ltr'><strong>in</strong></span> <span class='ocrx_word' id='word_1_135' title='bbox 776 1687 945 1748; x_wconf 87' lang='lat' dir='ltr'><strong>quibus</strong></span> <span class='ocrx_word' id='word_1_136' title='bbox 979 1701 1073 1730; x_wconf 89' lang='lat' dir='ltr'><strong>non</strong></span> <span class='ocrx_word' id='word_1_137' title='bbox 1113 1683 1252 1729; x_wconf 88' lang='lat' dir='ltr'><strong>modo</strong></span> <span class='ocrx_word' id='word_1_138' title='bbox 1295 1684 1565 1746; x_wconf 82' lang='lat' dir='ltr'><strong>frequenter</strong></span> <span class='ocrx_word' id='word_1_139' title='bbox 1596 1702 1700 1738; x_wconf 81' lang='lat' dir='ltr'><strong>eum</strong></span> <span class='ocrx_word' id='word_1_140' title='bbox 1733 1689 1798 1734; x_wconf 76' lang='lat' dir='ltr'><strong>ita</strong></span> 
     </span>
     <span class='ocr_line' id='line_1_20' title="bbox 401 1760 1797 1829; baseline -0.002 -16"><span class='ocrx_word' id='word_1_141' title='bbox 401 1767 676 1829; x_wconf 84' lang='lat' dir='ltr'><strong>compellat:</strong></span> <span class='ocrx_word' id='word_1_142' title='bbox 710 1786 733 1814; x_wconf 94' lang='lat'>«</span> <span class='ocrx_word' id='word_1_143' title='bbox 759 1763 936 1820; x_wconf 90' lang='lat' dir='ltr'><strong>Lucili,</strong></span> <span class='ocrx_word' id='word_1_144' title='bbox 964 1763 1171 1809; x_wconf 83' lang='lat' dir='ltr'><strong>virorum</strong></span> <span class='ocrx_word' id='word_1_145' title='bbox 1202 1760 1396 1821; x_wconf 87' lang='lat' dir='ltr'><strong>optime,</strong></span> <span class='ocrx_word' id='word_1_146' title='bbox 1426 1761 1577 1808; x_wconf 88' lang='lat' dir='ltr'><strong>Lucili</strong></span> <span class='ocrx_word' id='word_1_147' title='bbox 1609 1765 1797 1810; x_wconf 82' lang='lat' dir='ltr'><strong>carissi-</strong></span> 
     </span>
     <span class='ocr_line' id='line_1_21' title="bbox 403 1839 1795 1901; baseline 0.002 -19"><span class='ocrx_word' id='word_1_148' title='bbox 403 1871 425 1896; x_wconf 71' lang='grc'>«</span> <span class='ocrx_word' id='word_1_149' title='bbox 453 1847 599 1901; x_wconf 73' lang='lat' dir='ltr'><strong>me‚&#39;&#39;</strong></span> <span class='ocrx_word' id='word_1_150' title='bbox 641 1844 722 1888; x_wconf 85' lang='lat' dir='ltr'><strong>sed</strong></span> <span class='ocrx_word' id='word_1_151' title='bbox 761 1841 1071 1886; x_wconf 77' lang='lat' dir='ltr'><strong>saluberrimis</strong></span> <span class='ocrx_word' id='word_1_152' title='bbox 1106 1840 1364 1899; x_wconf 82' lang='lat' dir='ltr'><strong>praeceptis</strong></span> <span class='ocrx_word' id='word_1_153' title='bbox 1398 1839 1616 1895; x_wconf 84' lang='lat' dir='ltr'><strong>instruit,</strong></span> <span class='ocrx_word' id='word_1_154' title='bbox 1659 1852 1795 1900; x_wconf 85' lang='lat' dir='ltr'><strong>atque</strong></span> 
     </span>
     <span class='ocr_line' id='line_1_22' title="bbox 400 1913 1798 1969; baseline -0.007 1"><span class='ocrx_word' id='word_1_155' title='bbox 400 1927 461 1969; x_wconf 88' lang='lat' dir='ltr'><strong>de</strong></span> <span class='ocrx_word' id='word_1_156' title='bbox 487 1923 624 1969; x_wconf 85' lang='lat' dir='ltr'><strong>variis</strong></span> <span class='ocrx_word' id='word_1_157' title='bbox 657 1921 795 1964; x_wconf 85' lang='lat' dir='ltr'><strong>rebus</strong></span> <span class='ocrx_word' id='word_1_158' title='bbox 826 1915 1083 1961; x_wconf 82' lang='lat' dir='ltr'><strong>consulenti</strong></span> <span class='ocrx_word' id='word_1_159' title='bbox 1115 1915 1180 1957; x_wconf 87' lang='lat' dir='ltr'><strong>sic</strong></span> <span class='ocrx_word' id='word_1_160' title='bbox 1210 1913 1453 1964; x_wconf 87' lang='lat' dir='ltr'><strong>rescribit,</strong></span> <span class='ocrx_word' id='word_1_161' title='bbox 1497 1924 1550 1956; x_wconf 89' lang='lat' dir='ltr'><strong>ut</strong></span> <span class='ocrx_word' id='word_1_162' title='bbox 1579 1929 1673 1958; x_wconf 83' lang='lat' dir='ltr'><strong>non</strong></span> <span class='ocrx_word' id='word_1_163' title='bbox 1712 1932 1798 1959; x_wconf 63' lang='lat' dir='ltr'><strong>re-</strong></span> 
     </span>
     <span class='ocr_line' id='line_1_23' title="bbox 399 1986 1792 2051; baseline -0.008 -4"><span class='ocrx_word' id='word_1_164' title='bbox 399 2001 605 2047; x_wconf 82' lang='lat' dir='ltr'><strong>scribere</strong></span> <span class='ocrx_word' id='word_1_165' title='bbox 622 2028 637 2049; x_wconf 86' lang='lat'>,</span> <span class='ocrx_word' id='word_1_166' title='bbox 668 1994 750 2040; x_wconf 88' lang='lat' dir='ltr'><strong>sed</strong></span> <span class='ocrx_word' id='word_1_167' title='bbox 780 2004 1013 2051; x_wconf 88' lang='lat' dir='ltr'><strong>tamquam</strong></span> <span class='ocrx_word' id='word_1_168' title='bbox 1035 1987 1269 2046; x_wconf 88' lang='lat' dir='ltr'><strong>praesenti</strong></span> <span class='ocrx_word' id='word_1_169' title='bbox 1299 1986 1588 2046; x_wconf 84' lang='lat' dir='ltr'><strong>respondere·</strong></span> <span class='ocrx_word' id='word_1_170' title='bbox 1607 1990 1694 2034; x_wconf 89' lang='lat' dir='ltr'><strong>sibi</strong></span> <span class='ocrx_word' id='word_1_171' title='bbox 1719 1991 1792 2036; x_wconf 89' lang='lat' dir='ltr'><strong>vi-</strong></span> 
     </span>
     <span class='ocr_line' id='line_1_24' title="bbox 401 2063 1793 2132; baseline -0.014 -8"><span class='ocrx_word' id='word_1_172' title='bbox 401 2081 590 2124; x_wconf 82' lang='lat' dir='ltr'><strong>deretur</strong></span> <span class='ocrx_word' id='word_1_173' title='bbox 622 2074 752 2132; x_wconf 87' lang='lat'><strong>(¹9)·</strong></span> <span class='ocrx_word' id='word_1_174' title='bbox 812 2066 1014 2113; x_wconf 86' lang='lat' dir='ltr'><strong>Lucilius</strong></span> <span class='ocrx_word' id='word_1_175' title='bbox 1047 2077 1221 2115; x_wconf 88' lang='lat' dir='ltr'><strong>autem,</strong></span> <span class='ocrx_word' id='word_1_176' title='bbox 1268 2064 1348 2124; x_wconf 84' lang='lat' dir='ltr'><strong>qui</strong></span> <span class='ocrx_word' id='word_1_177' title='bbox 1378 2083 1402 2110; x_wconf 87' lang='lat'>«</span> <span class='ocrx_word' id='word_1_178' title='bbox 1428 2063 1608 2109; x_wconf 87' lang='lat' dir='ltr'><strong>calcatis</strong></span> <span class='ocrx_word' id='word_1_179' title='bbox 1632 2082 1793 2130; x_wconf 84' lang='lat' dir='ltr'><strong>popu..</strong></span> 
     </span>
     <span class='ocr_line' id='line_1_25' title="bbox 1717 2143 1796 2191; baseline 0.013 -1"><span class='ocrx_word' id='word_1_180' title='bbox 1717 2143 1796 2191; x_wconf 75' lang='lat' dir='ltr'><strong>la-</strong></span> 
     </span>
    </p>
   </div>
   <div class='ocr_carea' id='block_1_3' title="bbox 397 2265 1796 2740">
    <p class='ocr_par' dir='ltr' id='par_1_4' title="bbox 397 2265 1796 2740">
     <span class='ocr_line' id='line_1_26' title="bbox 451 2265 1610 2330; baseline -0.013 -15"><span class='ocrx_word' id='word_1_181' title='bbox 451 2285 466 2330; x_wconf 86' lang='lat'>(</span> <span class='ocrx_word' id='word_1_182' title='bbox 479 2282 544 2328; x_wconf 70' lang='grc' dir='ltr'><strong>ιδ)</strong></span> <span class='ocrx_word' id='word_1_183' title='bbox 569 2279 655 2314; x_wconf 83' lang='lat' dir='ltr'><strong>Nam</strong></span> <span class='ocrx_word' id='word_1_184' title='bbox 682 2272 843 2310; x_wconf 81' lang='lat' dir='ltr'><strong>versiculi</strong></span> <span class='ocrx_word' id='word_1_185' title='bbox 866 2270 1006 2320; x_wconf 73' lang='lat' dir='ltr'><strong>quidam</strong></span> <span class='ocrx_word' id='word_1_186' title='bbox 1031 2270 1241 2314; x_wconf 77' lang='lat' dir='ltr'><strong>afferuntur,</strong></span> <span class='ocrx_word' id='word_1_187' title='bbox 1265 2273 1305 2302; x_wconf 86' lang='lat' dir='ltr'><strong>ut</strong></span> <span class='ocrx_word' id='word_1_188' title='bbox 1326 2267 1450 2312; x_wconf 77' lang='lat' dir='ltr'><strong>Epist.</strong></span> <span class='ocrx_word' id='word_1_189' title='bbox 1465 2265 1498 2302; x_wconf 90' lang='grc'><strong>8.</strong></span> <span class='ocrx_word' id='word_1_190' title='bbox 1523 2265 1554 2308; x_wconf 74' lang='lat'><strong>§-</strong></span> <span class='ocrx_word' id='word_1_191' title='bbox 1571 2267 1610 2305; x_wconf 90' lang='grc'><strong>8.</strong></span> 
     </span>
     <span class='ocr_line' id='line_1_27' title="bbox 625 2324 1486 2377; baseline -0.016 -5"><span class='ocrx_word' id='word_1_192' title='bbox 625 2352 642 2374; x_wconf 69' lang='grc' dir='ltr'><strong>ιι</strong></span> <span class='ocrx_word' id='word_1_193' title='bbox 660 2334 736 2371; x_wconf 74' lang='lat' dir='ltr'><strong>Non</strong></span> <span class='ocrx_word' id='word_1_194' title='bbox 759 2341 812 2369; x_wconf 74' lang='lat' dir='ltr'><strong>est</strong></span> <span class='ocrx_word' id='word_1_195' title='bbox 833 2340 930 2369; x_wconf 88' lang='lat' dir='ltr'><strong>tuum</strong></span> <span class='ocrx_word' id='word_1_196' title='bbox 946 2358 957 2377; x_wconf 84' lang='lat'>‚</span> <span class='ocrx_word' id='word_1_197' title='bbox 981 2328 1120 2365; x_wconf 77' lang='lat' dir='ltr'><strong>fortuna</strong></span> <span class='ocrx_word' id='word_1_198' title='bbox 1142 2325 1234 2376; x_wconf 83' lang='lat' dir='ltr'><strong>quod</strong></span> <span class='ocrx_word' id='word_1_199' title='bbox 1257 2324 1342 2361; x_wconf 80' lang='lat' dir='ltr'><strong>feeit</strong></span> <span class='ocrx_word' id='word_1_200' title='bbox 1362 2331 1486 2369; x_wconf 73' lang='lat' dir='ltr'><strong>tuum3</strong></span> 
     </span>
     <span class='ocr_line' id='line_1_28' title="bbox 514 2405 550 2434; baseline 0.028 -1"><span class='ocrx_word' id='word_1_201' title='bbox 514 2405 550 2434; x_wconf 86' lang='lat' dir='ltr'><strong>et</strong></span> 
     </span>
     <span class='ocr_line' id='line_1_29' title="bbox 629 2440 1520 2495; baseline -0.016 -6"><span class='ocrx_word' id='word_1_202' title='bbox 629 2468 645 2490; x_wconf 71' lang='lat' dir='ltr'><strong>a</strong></span> <span class='ocrx_word' id='word_1_203' title='bbox 664 2452 751 2488; x_wconf 84' lang='lat' dir='ltr'><strong>Dari</strong></span> <span class='ocrx_word' id='word_1_204' title='bbox 775 2450 902 2485; x_wconf 86' lang='lat' dir='ltr'><strong>bonum</strong></span> <span class='ocrx_word' id='word_1_205' title='bbox 927 2447 1017 2495; x_wconf 85' lang='lat' dir='ltr'><strong>quod</strong></span> <span class='ocrx_word' id='word_1_206' title='bbox 1042 2446 1177 2495; x_wconf 86' lang='lat' dir='ltr'><strong>potuit,</strong></span> <span class='ocrx_word' id='word_1_207' title='bbox 1201 2440 1334 2478; x_wconf 78' lang='lat' dir='ltr'><strong>auferri</strong></span> <span class='ocrx_word' id='word_1_208' title='bbox 1357 2440 1520 2486; x_wconf 69' lang='lat' dir='ltr'><strong>potest-&#39;³</strong></span> 
     </span>
     <span class='ocr_line' id='line_1_30' title="bbox 397 2507 1417 2564; baseline -0.019 -10"><span class='ocrx_word' id='word_1_209' title='bbox 397 2521 434 2555; x_wconf 86' lang='lat' dir='ltr'><strong>in</strong></span> <span class='ocrx_word' id='word_1_210' title='bbox 459 2515 586 2564; x_wconf 81' lang='lat' dir='ltr'><strong>quibus</strong></span> <span class='ocrx_word' id='word_1_211' title='bbox 608 2513 763 2546; x_wconf 80' lang='lat' dir='ltr'><strong>animum</strong></span> <span class='ocrx_word' id='word_1_212' title='bbox 786 2510 935 2545; x_wconf 80' lang='lat' dir='ltr'><strong>Senecae</strong></span> <span class='ocrx_word' id='word_1_213' title='bbox 959 2507 1217 2543; x_wconf 83' lang='lat' dir='ltr'><strong>convenientem</strong></span> <span class='ocrx_word' id='word_1_214' title='bbox 1241 2510 1417 2546; x_wconf 74' lang='lat' dir='ltr'><strong>agnoscas.</strong></span> 
     </span>
     <span class='ocr_line' id='line_1_31' title="bbox 446 2555 1796 2624; baseline -0.012 -16"><span class='ocrx_word' id='word_1_215' title='bbox 446 2573 544 2624; x_wconf 87' lang='lat'>(¹7)</span> <span class='ocrx_word' id='word_1_216' title='bbox 582 2571 708 2618; x_wconf 82' lang='lat' dir='ltr'><strong>Epist.</strong></span> <span class='ocrx_word' id='word_1_217' title='bbox 735 2581 791 2615; x_wconf 84' lang='lat'><strong>79.</strong></span> <span class='ocrx_word' id='word_1_218' title='bbox 816 2568 902 2605; x_wconf 83' lang='lat' dir='ltr'><strong>init.</strong></span> <span class='ocrx_word' id='word_1_219' title='bbox 928 2569 1022 2603; x_wconf 75' lang='lat' dir='ltr'><strong>Nat.</strong></span> <span class='ocrx_word' id='word_1_220' title='bbox 1049 2567 1205 2611; x_wconf 82' lang='lat' dir='ltr'><strong>Quaest.</strong></span> <span class='ocrx_word' id='word_1_221' title='bbox 1227 2563 1273 2598; x_wconf 76' lang='lat' dir='ltr'><strong>L.</strong></span> <span class='ocrx_word' id='word_1_222' title='bbox 1294 2559 1330 2596; x_wconf 78' lang='lat'><strong>5.</strong></span> <span class='ocrx_word' id='word_1_223' title='bbox 1362 2569 1394 2592; x_wconf 89' lang='lat' dir='ltr'><strong>c·</strong></span> <span class='ocrx_word' id='word_1_224' title='bbox 1417 2570 1447 2595; x_wconf 82' lang='lat'><strong>1.</strong></span> <span class='ocrx_word' id='word_1_225' title='bbox 1480 2568 1510 2593; x_wconf 87' lang='lat' dir='ltr'><strong>c.</strong></span> <span class='ocrx_word' id='word_1_226' title='bbox 1531 2557 1588 2594; x_wconf 84' lang='lat'><strong>26.</strong></span> <span class='ocrx_word' id='word_1_227' title='bbox 1612 2555 1640 2598; x_wconf 89' lang='lat'><strong>§.</strong></span> <span class='ocrx_word' id='word_1_228' title='bbox 1662 2556 1697 2592; x_wconf 82' lang='lat'><strong>5.</strong></span> <span class='ocrx_word' id='word_1_229' title='bbox 1733 2555 1796 2592; x_wconf 80' lang='lat' dir='ltr'><strong>uhi</strong></span> 
     </span>
     <span class='ocr_line' id='line_1_32' title="bbox 397 2630 637 2675; baseline -0.025 -3"><span class='ocrx_word' id='word_1_230' title='bbox 397 2637 470 2675; x_wconf 78' lang='lat' dir='ltr'><strong>vid.</strong></span> <span class='ocrx_word' id='word_1_231' title='bbox 494 2634 522 2669; x_wconf 85' lang='lat' dir='ltr'>R</span> <span class='ocrx_word' id='word_1_232' title='bbox 535 2646 556 2670; x_wconf 88' lang='lat' dir='ltr'><strong>u</strong></span> <span class='ocrx_word' id='word_1_233' title='bbox 566 2631 588 2666; x_wconf 85' lang='lat' dir='ltr'>h</span> <span class='ocrx_word' id='word_1_234' title='bbox 601 2630 637 2667; x_wconf 82' lang='lat' dir='ltr'><strong>k.</strong></span> 
     </span>
     <span class='ocr_line' id='line_1_33' title="bbox 446 2673 1531 2740; baseline -0.016 -13"><span class='ocrx_word' id='word_1_235' title='bbox 446 2692 542 2740; x_wconf 73' lang='lat'><em>(28)</em></span> <span class='ocrx_word' id='word_1_236' title='bbox 568 2693 662 2726; x_wconf 85' lang='lat' dir='ltr'><strong>Nat.</strong></span> <span class='ocrx_word' id='word_1_237' title='bbox 691 2689 847 2732; x_wconf 65' lang='lat' dir='ltr'><strong>Quae-st.</strong></span> <span class='ocrx_word' id='word_1_238' title='bbox 871 2686 896 2723; x_wconf 82' lang='lat' dir='ltr'><strong>l.</strong></span> <span class='ocrx_word' id='word_1_239' title='bbox 918 2687 950 2722; x_wconf 78' lang='lat'><strong>4.</strong></span> <span class='ocrx_word' id='word_1_240' title='bbox 969 2684 1094 2731; x_wconf 74' lang='lat' dir='ltr'><strong>praefi</strong></span> <span class='ocrx_word' id='word_1_241' title='bbox 1118 2681 1150 2722; x_wconf 66' lang='grc' dir='ltr'><strong>ξ.</strong></span> <span class='ocrx_word' id='word_1_242' title='bbox 1171 2680 1224 2717; x_wconf 66' lang='grc'><strong>15.</strong></span> <span class='ocrx_word' id='word_1_243' title='bbox 1247 2677 1364 2724; x_wconf 84' lang='lat' dir='ltr'><strong>ibique</strong></span> <span class='ocrx_word' id='word_1_244' title='bbox 1387 2673 1531 2713; x_wconf 74' lang='lat' dir='ltr'><strong>Ruhk.</strong></span> 
     </span>
    </p>
   </div>
   <div class='ocr_carea' id='block_1_4' title="bbox 445 2732 1797 2831">
    <p class='ocr_par' dir='ltr' id='par_1_5' title="bbox 445 2732 1797 2831">
     <span class='ocr_line' id='line_1_34' title="bbox 445 2732 1794 2800; baseline -0.016 -11"><span class='ocrx_word' id='word_1_245' title='bbox 445 2751 540 2800; x_wconf 70' lang='grc' dir='ltr'>(ιο)</span> <span class='ocrx_word' id='word_1_246' title='bbox 564 2750 688 2796; x_wconf 81' lang='lat' dir='ltr'><strong>Epist.</strong></span> <span class='ocrx_word' id='word_1_247' title='bbox 713 2747 766 2793; x_wconf 83' lang='lat'><strong>67.</strong></span> <span class='ocrx_word' id='word_1_248' title='bbox 794 2749 825 2793; x_wconf 83' lang='lat'><strong>§.</strong></span> <span class='ocrx_word' id='word_1_249' title='bbox 844 2759 877 2784; x_wconf 85' lang='lat'><strong>2.</strong></span> <span class='ocrx_word' id='word_1_250' title='bbox 925 2743 980 2782; x_wconf 81' lang='lat' dir='ltr'><strong>Cf.</strong></span> <span class='ocrx_word' id='word_1_251' title='bbox 1004 2744 1129 2791; x_wconf 76' lang='lat' dir='ltr'><strong>Epist.</strong></span> <span class='ocrx_word' id='word_1_252' title='bbox 1152 2751 1204 2788; x_wconf 84' lang='lat'><strong>71.</strong></span> <span class='ocrx_word' id='word_1_253' title='bbox 1233 2739 1262 2782; x_wconf 77' lang='lat'><strong>§-</strong></span> <span class='ocrx_word' id='word_1_254' title='bbox 1285 2749 1322 2775; x_wconf 73' lang='grc' dir='ltr'><strong>ιι</strong></span> <span class='ocrx_word' id='word_1_255' title='bbox 1348 2752 1364 2775; x_wconf 76' lang='grc' dir='ltr'><strong>ι</strong></span> <span class='ocrx_word' id='word_1_256' title='bbox 1383 2732 1535 2773; x_wconf 80' lang='lat' dir='ltr'><strong>Subinde</strong></span> <span class='ocrx_word' id='word_1_257' title='bbox 1553 2745 1605 2770; x_wconf 84' lang='lat' dir='ltr'><strong>me</strong></span> <span class='ocrx_word' id='word_1_258' title='bbox 1625 2733 1668 2769; x_wconf 85' lang='lat' dir='ltr'><strong>de</strong></span> <span class='ocrx_word' id='word_1_259' title='bbox 1693 2733 1794 2769; x_wconf 82' lang='lat' dir='ltr'><strong>rebus</strong></span> 
     </span>
     <span class='ocr_line' id='line_1_35' title="bbox 1687 2805 1797 2831; baseline -0.027 0"><span class='ocrx_word' id='word_1_260' title='bbox 1687 2807 1704 2831; x_wconf 74' lang='lat' dir='ltr'><strong>r</strong></span> <span class='ocrx_word' id='word_1_261' title='bbox 1722 2805 1797 2829; x_wconf 75' lang='lat' dir='ltr'><strong>sm-</strong></span> 
     </span>
    </p>
   </div>
  </div>
 </body>
</html>
