2014 3354
380 198 432 247 80
1004 206 1174 254 π·

913 335 943 373 '‚,
965 329 1067 365 Vitae
1097 337 1150 365 eat
1180 332 1323 374 avidus,

651 401 813 446 Quisquis
839 410 907 436 non
938 402 1041 447 vult,
1076 402 1202 439 mundo
1234 412 1351 438 secum

651 473 844 511 Peteon-te,
876 467 1013 505 mori.”
1072 510 1074 512 Ι

399 540 577 578 Pulchrius
603 540 704 573 etiam
737 538 873 571 Chorus
903 537 1040 572 Troad.
1065 545 1167 590 1913.
1190 548 1280 582 sqq·
1329 540 1333 543 '

589 631 622 652 ‚‚
644 608 909 651 sempersahl
941 617 1077 652 semper
1107 608 1206 644 dolor
1235 616 1291 645 est
1315 610 1505 655 malignusa

650 680 791 716 Gaudet
818 680 854 716 in
886 681 1011 718 multos
1040 691 1102 717 sua
1133 683 1203 717 fata
1228 682 1317 718 mitti
1327 707 1349 727 ‚.

648 752 763 796 Seque
795 762 863 789 non
892 753 1002 788 solum
1031 752 1195 797 placuisse
1224 763 1370 797 poenae.

647 824 776 866 Ferre,
809 834 911 866 quam
940 832 1069 860 sortem
1099 827 1275 869 patiuntur
1300 838 1442 872 omnes,

525 941 528 943 q
643 896 757 931 Nemo
786 879 967 932 reeusa't.'’

399 948 511 1013 Quae⁴
537 966 678 1011 laudans
717 968 777 1003 ct.
812 965 1005 1009 Tydem.
1036 968 1164 1012 Episu
1194 969 1308 1006 dedic.
1339 971 1389 1006 ad
1422 972 1526 1015 Synt.
1556 971 1722 1012 nissen.
1752 982 1795 1018 ps

372 1017 522 1081 ›JK-LV,
562 1036 706 1072 similem
750 1037 848 1071 affert
885 1036 1000 1072 locum
1033 1038 1290 1075 Ciceronis
1321 1042 1430 1077 Tenc.
1461 1042 1501 1084 1,
1532 1052 1597 1086 49:
1640 1066 1671 1086 ,‚
1693 1045 1796 1087 Quod

397 1118 514 1145 autem
547 1109 707 1145 omnibus
736 1119 874 1145 necesse
907 1117 983 1152 est,
1016 1110 1095 1146 idne
1123 1111 1281 1148 miserum
1301 1123 1375 1148 esse
1393 1113 1452 1149 uni
1473 1114 1656 1158 potestv’
1699 1117 1797 1151 Uba-

399 1180 470 1215 rius
504 1179 595 1214 idem
626 1182 754 1246 Noster
783 1180 933 1223 explicat
963 1179 999 1214 in
1032 1181 1178 1216 Consol·
1208 1183 1259 1216 ad
1287 1183 1417 1225 Polyb.
1445 1183 1557 1225 XXI,
1579 1193 1633 1219 n-
1657 1207 1694 1231 .,-
1711 1186 1799 1229 Quis

399 1256 469 1283 tam
500 1251 665 1292 superbae
699 1248 963 1291 impotentisque
994 1249 1204 1292 arrogantiae
1235 1256 1312 1291 est,
1343 1257 1384 1283 ut
1412 1250 1447 1285 in
1478 1252 1542 1290 hac
1570 1245 1714 1291 naturae
1734 1264 1796 1289 ne-

397 1318 583 1361 cessitate,
628 1318 741 1354 omnia
778 1320 821 1354 ad
865 1320 1010 1354 eundem
1052 1319 1154 1354 finem
1184 1319 1403 1363 revocantis,
1444 1330 1614 1363 seffunnm
1646 1332 1687 1358 aa
1715 1334 1796 1361 suos

397 1390 518 1432 seponi
548 1391 658 1424 velit:
700 1392 884 1433 ruinaeque
921 1391 1023 1425 etiam
1054 1390 1119 1434 ipsi
1151 1392 1279 1425 mundo
1305 1390 1519 1431 immInenti,
1550 1391 1695 1432 aliquam
1713 1394 1795 1428 -do-

394 1473 489 1498 mum
521 1462 726 1498 subtrahat?
765 1463 952 1498 Maximum
985 1471 1069 1506 ergo
1102 1461 1261 1497 solatium
1292 1468 1368 1504 est,
1401 1460 1549 1505 cogitare
1581 1462 1616 1496 ld
1642 1461 1708 1499 sibi
1735 1473 1794 1499 ac-

395 1536 543 1577 cidisse,
574 1536 667 1577 quod
697 1543 776 1570 ante
808 1546 845 1571 se
868 1535 957 1579 passi
978 1542 1058 1570 sunt
1086 1543 1232 1576 omnes,
1265 1543 1451 1577 omnesque
1482 1534 1632 1577 passuris
1662 1542 1699 1570 et
1719 1535 1797 1571 ideo

362 1643 365 1648 ,
397 1607 483 1642 mihi
512 1607 652 1641 videtur
687 1617 798 1642 rerum
831 1616 978 1651 natura,
1013 1607 1105 1650 quod
1139 1607 1371 1651 gravissimum
1398 1607 1505 1651 fecit,
1537 1618 1715 1643 commune
1743 1611 1795 1645 se·

394 1676 506 1717 cisse,
541 1682 580 1708 ut
613 1676 850 1710 crudelitatem
882 1677 946 1710 fati
975 1676 1207 1711 consolaretur
1236 1674 1470 1716 aequalia-12·
1520 1676 1561 1709 In
1590 1686 1659 1718 quo
1688 1678 1796 1712 Stoici

394 1745 648 1781 dissentientem
681 1746 831 1782 habuere
863 1747 1101 1788 Carneadem,
1133 1745 1193 1787 qui
1226 1768 1258 1789 ‚,
1280 1745 1428 1788 negabat
1454 1754 1561 1789 genus
1582 1748 1649 1782 hoc
1670 1746 1798 1783 oratio.

397 1815 451 1849 nis
480 1815 666 1856 quidquam
698 1817 840 1851 omnino.
865 1817 908 1849 ad
941 1817 1119 1849 levandam
1141 1813 1385 1856 aegritudinem
1416 1812 1597 1854 pertinere.
1641 1815 1682 1848 ld
1703 1817 1792 1850 enim

395 1888 508 1931 ipsum
538 1887 720 1922 dolendum
752 1895 825 1921 esse
857 1883 1020 1926 dicebat,
1063 1882 1157 1927 quod
1187 1882 1223 1918 ln
1256 1891 1323 1919 tam
1356 1883 1526 1920 crudelem
1559 1886 1794 1923 necessitatem

394 1957 642 1993 incidissemus.
686 1957 773 1990 Nam
805 1955 897 1990 illam
920 1955 1057 1998 quidem
1084 1954 1271 1989 orationem
1303 1965 1348 1991 ex
1373 1958 1691 1992 commemoratione
1711 1958 1797 1992 alie-

396 2041 517 2065 norum
567 2030 730 2063 malorum
775 2028 819 2060 ad
869 2026 1050 2061 malivolos
1099 2025 1324 2060 consolandos
1364 2036 1437 2061 esse
1486 2029 1791 2064 accommodatam.

363 2101 489 2145 ,Mihi
517 2098 642 2136 vero'’
685 2097 766 2141 (ait
805 2096 907 2133 Cic.
949 2094 1044 2138 cujus
1083 2096 1169 2130 haec
1205 2103 1285 2131 sunt
1325 2097 1432 2132 verba
1475 2098 1582 2133 Tusc.
1611 2097 1690 2141 111,
1720 2097 1794 2141 25)

400 2200 432 2220 „
454 2177 557 2218 longe
588 2173 726 2206 videtur
752 2181 870 2210 secus.
922 2171 1011 2203 Nam
1044 2177 1079 2202 et
1107 2170 1287 2204 necessitas
1315 2170 1470 2204 ferendae
1501 2167 1703 2203 conditionis
1731 2169 1797 2202 hu-

394 2256 546 2288 manae,
579 2243 676 2286 quasi
708 2252 786 2277 cum
816 2242 894 2275 Deo
922 2250 1072 2284 pugnare
1105 2241 1291 2284 prohibet,
1325 2240 1551 2291 admonetque
1583 2249 1655 2275 esse
1683 2239 1794 2274 homi·

401 2329 503 2353 nemi
536 2326 625 2357 quae
657 2314 818 2359 cogitatio
850 2322 1054 2356 magnopere
1085 2312 1215 2345 luctum
1238 2311 1357 2346 levata
1387 2320 1422 2345 et
1450 2311 1656 2346 enumeratio
1678 2320 1794 2345 exem·

397 2391 562 2436 plorum,
605 2397 673 2422 non
709 2394 749 2421 ut
789 2387 937 2421 animum
982 2382 1222 2418 malivolorum
1251 2383 1431 2425 oblectet,
1472 2381 1630 2424 affertur,
1663 2380 1721 2415 sed
1754 2389 1792 2414 ut

397 2463 481 2504 ille.
526 2461 586 2503 qui
618 2467 773 2502 moeret,
811 2460 989 2494 ferendum
1030 2456 1096 2490 sibi
1132 2455 1166 2489 id
1198 2463 1356 2498 censeat,
1397 2456 1490 2498 quod
1520 2455 1637 2491 videat
1666 2455 1792 2490 multos

395 2535 574 2570 moderate
605 2540 642 2567 et
670 2529 850 2572 tranquille
884 2528 1047 2565 tulisse.'’

359 2605 594 2644 necessitate.
639 2601 772 2636 Locum
800 2603 892 2637 hunc
924 2600 1065 2635 citantes
1098 2600 1328 2635 cassend.
1362 2600 1430 2644 Op.
1462 2606 1494 2635 t.
1518 2599 1570 2636 11.
1591 2606 1630 2642 p.
1654 2599 1732 2639 832.
1756 2603 1792 2630 et

401 2675 677 2711 Cudworth.
712 2676 814 2725 Syn.
849 2677 915 2711 int.
952 2683 985 2711 t.
1019 2676 1052 2711 1.
1081 2683 1122 2719 p.
1153 2684 1189 2717 7.
1219 2674 1342 2707 dedere
1371 2673 1586 2706 necessitas.
1638 2669 1791 2703 Alterum

401 2756 518 2783 autem
539 2756 581 2783 ut
599 2759 620 2783 a
643 2750 820 2783 Seneca
850 2748 1036 2790 profectum
1060 2755 1131 2780 esse
1149 2765 1163 2785 .
1193 2745 1347 2779 codicum
1370 2742 1499 2777 evincit
1517 2747 1718 2779 consensus,
1748 2737 1794 2770 ita

405 2820 544 2855 videtur
574 2829 607 2856 et
639 2820 841 2864 elegantius.
896 2820 1170 2854 Herodotus
1200 2817 1351 2853 similiter
1380 2816 1466 2856 LX,
1497 2812 1553 2846 16:
1597 2834 1624 2853 ι,
1649 2808 1795 2852 ivam&

1718 2883 1797 2915 Arx·
