2014 3354
728 254 941 315 (57)

263 372 349 426 111.
406 380 499 427 Sed
547 379 638 424 iam
686 379 973 442 procedente
1018 365 1224 426 oratione
1267 380 1528 434 ostendam,

146 482 149 485 ·
204 474 342 517 quam
364 472 459 501 non
482 456 605 512 sint,
634 474 769 517 quae·
791 458 1039 512 videntur,
1068 457 1199 504 mala.
1256 457 1392 503 Nunc
1415 457 1533 502 illud

199 533 337 589 dico,
364 532 451 577 ista
481 546 597 594 quae
626 544 677 578 tu
718 546 850 580 vocas
884 550 1071 591 aspera,
1102 551 1219 596 quae
1261 532 1450 578 adversa
1486 543 1535 577 et

204 611 538 667 abominanda,
568 612 771 673 primum
796 626 885 669 pro
914 610 1023 670 ipsis
1058 626 1183 666 esse,
1214 598 1383 672 quibffis
1406 610 1535 654 aeci-

197 686 342 745 dunt3
373 684 559 740 *deinde
598 701 686 750 pro
722 687 944 732 universis
972 720 986 738 ,
1029 701 1224 747 quorum
1257 689 1400 731 maior
1440 687 1537 730 Diis

203 778 315 809 cura
342 775 437 818 est,
464 780 601 827 quam
624 761 937 823 singulorum:
968 774 1074 822 post
1109 762 1248 817 haee,
1278 761 1536 807 volentibus

202 842 439 899 accidere3
472 858 534 885 ae·
552 843 715 898 dignos
739 839 857 883 malo
883 854 979 882 esse
999 871 1013 892 ,
1044 841 1081 882 si
1106 839 1273 882 nolint.
1332 839 1414 882 His
1444 838 1537 881 ad-

205 917 386 967 iiciam,
418 917 641 961 fato-ista
685 916 817 971 fieri,
845 925 891 960 et
919 926 1044 960 recte
1079 913 1237 959 eadem
1271 913 1370 972 lege
1402 914 1540 958 bonis

204 993 420 1046 evenire,
453 994 544 1050 qua
570 1002 685 1033 *sunt
711 992 850 1047 boni:
882 990 1170 1049 persuadebo
1194 992 1304 1034 inde
1335 991 1448 1045 tibi,
1478 978 1541 1035 ne

201 1083 408 1128 unquam
451 1067 563 1111 boni
605 1067 694 1112 viri
738 1066 1006 1111 miserearis.
1061 1076 1213 1124 potest
1245 1067 1368 1110 enim
1399 1070 1540 1113 miser

146 1158 174 1189 2
205 1144 327 1197 dici,
358 1160 454 1188 non
495 1155 647 1203 potest
684 1152 793 1188 esse.
852 1141 1210 1198 Difficillimum,
1240 1159 1297 1188 ex
1325 1144 1539 1189 omnibus

202 1235 321 1281 quae
359 1221 614 1282 proposui,
658 1219 840 1265 videtur
887 1217 1014 1279 quod
1049 1219 1253 1280 primum
1295 1218 1418 1264 dixi:
1451 1236 1542 1280 pro

203 1296 321 1353 ipsis.
341 1311 436 1340 esse
454 1326 470 1350 ‚
504 1297 673 1355 quibus
700 1297 945 1347 eveniunt,
987 1295 1100 1350 ista,
1147 1312 1264 1355 quae
1301 1297 1542 1343 horremus

200 1385 258 1414 ae
286 1372 551 1429 [tremimus.
611 1372 702 1416 Pro
734 1371 846 1431 ipsis
883 1381 985 1425 est,
1023 1371 1210 1431 inquis,
1254 1373 1305 1417 in
1333 1374 1543 1419 exsilium

200 1447 390 1509 profici,
420 1447 471 1490 in
493 1459 737 1505 egestatem
758 1448 928 1491 deduci
950 1447 1122 1492 liberos
1138 1480 1153 1503 ,
1186 1450 1424 1506 coniugem
1460 1450 1539 1494 ef·-

203 1524 355 1575 ferre,
388 1524 634 1581 ignominia
658 1523 804 1579 affici,
836 1523 1109 1569 debilitari?
1140 1524 1191 1570 Si
1215 1526 1394 1569 miraris
1411 1557 1428 1581 ,
1448 1526 1541 1572 hoc

202 1616 292 1664 pro
327 1599 482 1660 aliquo
522 1614 642 1649 esse,
676 1601 913 1644 miraberis
946 1599 1169 1658 quosdam
1200 1601 1325 1644 ferro
1352 1613 1400 1664 et
1433 1603 1542 1660 igne

205 1677 387 1733 curari,
417 1691 506 1720 nec
522 1675 672 1720 minus
695 1675 814 1721 fame
840 1693 892 1721 ae
920 1676 1011 1720 siti.
1070 1675 1164 1721 Sed
1197 1677 1237 1720 si
1273 1679 1540 1735 cogitaveris

207 1764 391 1810 tecum,
436 1750 634 1797 remedii
678 1762 809 1797 causa
840 1751 1118 1815 quibusdam
1155 1763 1204 1799 et
1235 1752 1341 1798 radi
1373 1768 1471 1811 ossa
1495 1767 1545 1801 et

1478 1831 1548 1878 le·

644 1960 673 1998 C
694 1962 724 1997 A
745 1961 771 1996 P
794 1960 829 1998 U
851 1961 880 1997 Τ
933 1962 1019 2001 111.

189 2025 289 2058 Cura
314 2025 375 2064 et,
398 2031 512 2068 quam
530 2019 775 2067 singulorum.
813 2018 915 2054 Voss·
939 2033 1055 2060 cura,
1078 2032 1192 2067 quam
1214 2020 1448 2067 singulorum
1461 2028 1533 2061 est.

118 2119 120 2121 ,
186 2082 296 2120 Fieri
310 2087 362 2120 et.
407 2079 508 2118 Voss·
526 2080 593 2117 eie.
639 2076 779 2116 Fabric.
800 2077 856 2113 sic
878 2078 926 2115 ci.
970 2075 1106 2115 Schott.
1126 2076 1247 2114 omisit
1266 2085 1316 2118 et.
1329 2094 1342 2127 J

194 2145 291 2178 Sunt
308 2141 409 2177 boni.
454 2138 553 2175 voss.
576 2137 667 2172 boni
684 2143 785 2173 sunt.

187 2198 439 2240 Persuadebo.
484 2196 582 2236 Idem
598 2197 820 2243 por-suadeo.

191 2275 227 2299 2.
278 2260 386 2307 Quod
405 2258 571 2304 primum
589 2257 681 2292 dixi.
727 2254 861 2291 Absunt
878 2253 963 2289 haee
987 2254 1030 2289 ab
1056 2254 1143 2292 Aru.
1164 2255 1331 2296 editione.

189 2312 409 2354 Tremimus·
433 2313 615 2349 Efficacius
635 2325 737 2359 quam
759 2312 850 2359 quod
871 2311 976 2349 habet
1002 2312 1103 2350 von.
1124 2315 1311 2353 timemus.

188 2379 348 2423 Effert-e.
396 2373 534 2409 Fabric.
562 2374 628 2408 hec
637 2374 761 2421 ferre.
1344 2367 1348 2372 ¹

188 2434 286 2467 Hoc.
333 2433 435 2469 Voss.
468 2434 572 2472 baec.
621 2429 803 2475 Vulgum
838 2429 994 2465 defendit
1028 2429 1121 2465 locus
1157 2430 1251 2465 infra
1282 2435 1385 2477 §¹²³
1418 2433 1538 2477 equid

145 2505 207 2541 per
242 2491 311 2529 Ιιοο
344 2491 577 2537 consequar.’'
605 2486 665 2525 ubi
695 2487 803 2523 etiam
837 2488 940 2535 plura
969 2495 1159 2525 memorata
1186 2496 1297 2528 erant.
1343 2489 1440 2525 Idem
1459 2501 1538 2526 mox

142 2559 182 2590 et
206 2551 277 2586 siti
292 2559 353 2596 pro
377 2561 422 2583 ac
444 2550 522 2586 siti.
735 2546 740 2550 ’

195 2611 280 2648 Sed.
325 2606 579 2644 Fabr.0misit.

188 2671 244 2711 Et
260 2668 349 2716 legi.
394 2665 646 2709 Desidet-antur
679 2665 764 2706 haec
791 2664 830 2704 in
860 2664 960 2706 Voss·
1002 2664 1046 2703 In
1081 2664 1236 2714 exemplo
1270 2666 1368 2706 Pina.
1402 2667 1474 2707 fuit
1497 2675 1537 2710 ee

134 2728 258 2776 laedi·
