2014 3354
365 196 394 241 6
987 201 1153 248 =

390 331 433 368 9
459 333 548 369 399.
579 332 659 369 405·
693 333 752 370 sq·
783 324 842 363 Cf.
876 325 1029 366 eudw.
1063 331 1166 374 Syn.
1200 329 1329 422 118511.
1355 330 1388 369 1.
1417 338 1455 377 p.
1483 333 1678 383 6460653,
1710 338 1777 375 ma

388 405 457 439 que
489 397 638 434 Mosb.

344 479 367 504 a
390 470 657 513 Supervacuum
680 476 757 511 ese,
783 474 851 502 cet.
898 468 1103 503 Universum
1135 470 1225 506 bunc
1256 472 1370 510 locum
1402 476 1550 515 inuitatus
1568 485 1620 516 est
1638 480 1768 520 Beer.

385 541 525 574 consol.
555 538 587 573 1.
620 545 660 580 p.
682 547 747 573 ao:
785 560 817 580 „
839 538 933 572 Tum
961 538 1045 581 illa,
1078 542 1272 585 hunccine,
1303 544 1439 589 inquit,
1472 551 1633 585 mundum
1663 558 1768 586 teme-

380 610 476 646 rariis
512 608 567 652 agi
596 608 809 652 fortuitisthe
854 611 987 646 casibus
1017 621 1139 657 putas,
1191 624 1233 649 an
1265 615 1372 651 ullum
1402 617 1508 654 credin
1551 621 1585 656 ei
1621 621 1769 667 regimen
1826 635 1836 641 ·

377 681 485 713 inesse
514 679 685 714 rationis?
724 682 842 725 atqui,
875 684 1035 726 inquam,
1069 686 1162 721 nullo
1184 688 1447 722 existimaverim
1476 690 1603 735 modo,
1635 701 1675 729 ut
1701 695 1769 729 for-

375 751 461 785 tuita
494 751 682 786 temeritate
708 760 774 787 tam
807 762 897 788 certa
930 764 1143 792 moveantur.
1188 759 1315 793 verum
1348 760 1442 803 operi
1470 770 1533 799 suo
1560 762 1765 800 conditorem

374 822 563 863 praesidere
594 823 701 856 Deum
737 821 836 864 acio;
878 831 942 857 nec
969 822 1125 864 'unquam
1167 826 1269 859 fixerit
1301 827 1397 869 dies,
1443 832 1504 871 qui
1536 841 1590 867 me
1627 834 1672 868 ab
1703 836 1768 869 bac

374 894 561 929 sententiae
601 891 744 927 veritate
775 891 937 934 depellat.
993 892 1044 926 ita
1074 900 1152 935 est,
1184 893 1309 937 inquit.
1354 896 1441 932 unm
1474 899 1509 933 id
1536 900 1637 936 etiam
1664 903 1767 945 paulo

370 970 449 996 ante
477 961 654 1004 cecinisti,
697 962 919 1005 hominesque
959 969 1091 998 tantum
1121 964 1257 999 divinae
1285 975 1436 1002 exsortes
1468 978 1569 1004 curae
1600 980 1672 1006 esse
1703 973 1762 1007 dc-

367 1032 522 1074 plorasti.
578 1034 666 1067 Nam
696 1033 738 1066 de
768 1032 913 1074 ceteris,
948 1031 1030 1074 quin
1062 1033 1193 1069 ratione
1222 1044 1440 1082 regerentur,
1481 1041 1567 1078 nibil
1598 1046 1764 1079 moveba-

368 1102 451 1137 re.”
512 1103 696 1136 seneca
745 1102 872 1144 qiianto
914 1110 1051 1137 naturae
1093 1107 1372 1150 contemplandae
1414 1110 1528 1145 studio
1569 1118 1762 1155 teneretur,

368 1180 512 1216 apparet
540 1183 560 1207 e
594 1174 690 1209 Nae.
723 1174 882 1217 Quaen.
917 1175 1184 1218 observavitque
1217 1178 1373 1216 Rubk.
1410 1177 1445 1212 in
1473 1179 1596 1222 praef.
1627 1182 1671 1215 ad
1699 1190 1762 1217 eos

366 1242 473 1277 libros
501 1251 541 1288 p.
563 1244 611 1280 X.
655 1227 734 1278 Non
765 1244 878 1286 potuit
908 1244 1011 1288 igitur
1042 1255 1121 1281 eum
1151 1247 1297 1293 effugere
1319 1250 1373 1285 via
1395 1250 1637 1287 evidentissitni
1657 1260 1760 1295 argu·

365 1313 472 1347 menti
480 1335 494 1354 ,
527 1321 596 1354 quo
627 1319 695 1346 tsm
724 1322 826 1356 saepe
858 1321 994 1356 tamque
1027 1315 1198 1358 praeclare
1230 1318 1282 1352 usi
1311 1318 1521 1362 philosophi.
1575 1319 1758 1366 Cleanthes

361 1382 502 1425 quidem
544 1392 621 1417 cum
666 1389 813 1423 quatuor
852 1383 896 1416 de
925 1384 1033 1418 causis
1064 1384 1194 1421 diceret
1228 1386 1261 1420 in
1293 1386 1412 1423 animis
1444 1388 1615 1422 hominum
1652 1388 1757 1423 infor-

364 1463 472 1490 matas
510 1464 583 1490 esse
623 1456 773 1489 Deorum
809 1455 986 1495 notiones,
1028 1463 1179 1496 quartam
1210 1458 1326 1497 posuit
1354 1459 1441 1492 banc
1469 1481 1500 1500 „
1522 1466 1666 1500 eamque
1697 1459 1756 1494 val

362 1524 568 1565 maximam,
600 1522 873 1564 aequabilitatem
899 1528 1034 1564 motus,
1066 1523 1323 1558 conversionem
1348 1524 1459 1567 coeii;
1491 1525 1597 1568 solis,
1629 1526 1753 1570 lunae,

358 1595 574 1636 siderumque
606 1593 756 1629 omnium
784 1586 1059 1635 distinctionem,
1092 1593 1315 1635 varietatem.
1347 1593 1631 1637 pulcritudinem,
1660 1596 1755 1632 ordi.

359 1674 460 1700 nems
500 1673 643 1708 quarum
683 1672 793 1699 rerum
835 1663 1013 1706 adspectus
1052 1663 1122 1705 ipse
1161 1663 1241 1703 satis
1265 1647 1471 1704 ⁸indicaret,
1499 1671 1581 1711 [non
1610 1672 1683 1699 esse
1712 1675 1751 1700 ea
1817 1694 1820 1699 ,

360 1734 516 1769 fortuita.
570 1736 622 1767 Ut
662 1733 767 1774 siquis
808 1734 843 1766 in
876 1735 1012 1769 domum
1054 1734 1225 1775 aliquam,
1267 1742 1326 1768 aut
1360 1734 1395 1769 ln
1427 1737 1660 1780 gymnasium,
1693 1748 1753 1775 aut

360 1805 397 1840 in
436 1805 547 1840 forum
589 1802 745 1839 veneritt
786 1811 863 1838 cum
902 1802 1020 1837 videat
1050 1803 1199 1838 omnium
1230 1811 1341 1838 rerum
1369 1803 1555 1847 rationem,
1587 1806 1749 1851 modum,

356 1879 593 1919 disciplinam,
627 1885 694 1910 non
727 1874 833 1917 possit
865 1883 906 1908 ea
947 1874 1020 1909 sine
1050 1884 1149 1909 causa
1191 1874 1264 1909 lieri
1289 1873 1463 1920 judicare,
1493 1878 1555 1913 sed
1584 1889 1657 1916 em
1684 1883 1749 1916 215.

359 1959 460 1992 quem
492 1947 685 1991 intelligat,
718 1947 778 1989 qui
810 1946 959 1991 praesit,
991 1954 1028 1981 et
1052 1947 1109 1982 cui
1139 1954 1315 1989 pareatur-¹
1350 1947 1595 1992 multomagis
1615 1949 1651 1984 in
1674 1958 1749 1985 tan·

358 2023 401 2056 tis
430 2020 662 2060 motionibus,
694 2020 863 2060 ramisque
896 2017 1209 2059 vicissitudinibus,
1240 2025 1308 2052 tam
1342 2019 1521 2053 multarum
1554 2029 1663 2055 rerum
1695 2030 1747 2057 at-

358 2100 424 2132 que
457 2097 625 2124 tantarum
665 2085 863 2129 ordinibus,
898 2086 933 2119 in
966 2085 1089 2126 quibus
1119 2085 1202 2120 nihil
1236 2095 1382 2129 unquam
1415 2087 1575 2122 immensa
1604 2096 1641 2123 et
1669 2089 1747 2125 inii.

354 2163 424 2196 nita
460 2168 614 2194 vetustas
645 2158 788 2191 mentita
813 2158 880 2199 sit,
913 2163 1040 2192 statuat
1062 2166 1198 2192 necesse
1222 2164 1298 2200 est,
1331 2159 1374 2192 ab
1404 2157 1516 2199 aliqua
1537 2166 1649 2194 mente
1670 2167 1744 2194 tan-

357 2239 411 2265 tos
440 2238 578 2263 naturae
609 2234 721 2262 motus
750 2226 940 2270 gubernari.
945 2226 967 2240 ’³
1011 2225 1082 2260 Ubi
1113 2225 1218 2285 lectio
1240 2227 1391 2261 mentita
1415 2228 1467 2261 sit
1487 2227 1622 2262 retineri
1644 2238 1743 2272 posse

355 2303 438 2338 mihi
480 2302 644 2342 videtur,
688 2301 753 2333 hoc
791 2308 913 2340 sensu,
959 2297 1171 2340 offenderit,
1216 2308 1239 2331 a
1275 2299 1386 2332 solita
1426 2299 1506 2341 tege
1536 2298 1738 2341 deflexerit.

354 2375 518 2412 Similiter
551 2374 620 2409 fere
661 2371 853 2414 Cicero,
897 2380 915 2404 e
951 2366 1045 2410 cujus
1089 2379 1148 2412 op.
1195 2371 1237 2403 de
1268 2370 1362 2407 Nat.
1396 2372 1446 2410 D.
1477 2372 1533 2414 11,
1574 2381 1611 2415 5.
1658 2373 1741 2407 baec

355 2447 457 2482 allata
485 2453 585 2486 sunt,
620 2444 667 2479 ib.
691 2443 767 2485 111,
801 2446 823 2478 6
834 2451 845 2475 z
879 2465 912 2483 „
935 2450 1009 2475 cum
1041 2442 1096 2475 isti
1128 2442 1277 2484 plurimis
1306 2444 1347 2477 de
1377 2445 1478 2477 rebus
1509 2441 1615 2476 divini
1645 2452 1742 2477 men-

354 2515 543 2554 riantur=·’
578 2521 613 2547 et
641 2515 804 2550 Horat.
838 2515 960 2550 Cam.
997 2513 1074 2556 111,
1102 2524 1134 2552 ι.
1168 2525 1226 2550 ys.
1253 2524 1321 2556 302
1354 2537 1383 2556 „
1407 2511 1612 2556 Fundusqne
1644 2520 1739 2545 men-

352 2588 467 2624 dax,”
515 2586 638 2625 Neque
672 2583 872 2627 negligenda
900 2583 1002 2625 ipsius
1032 2583 1289 2619 Ciceronis
1322 2584 1425 2617 verba
1459 2586 1487 2619 ἱ.
1518 2586 1545 2619 1.
1578 2583 1638 2622 11,
1671 2593 1737 2624 35,

354 2657 415 2691 ubi
453 2653 645 2689 memoratis
678 2654 814 2688 Accii
843 2651 996 2691 versibus
1026 2656 1067 2690 de
1098 2663 1258 2699 pastore,
1298 2656 1357 2698 qui
1384 2666 1504 2691 navem
1535 2655 1631 2698 Argo
1661 2662 1741 2687 con-

355 2725 539 2768 spexisset,
584 2748 613 2767 „
638 2724 789 2768 Ergo,”
832 2727 964 2769 inquit,
1005 2751 1035 2770 ,‚
1059 2734 1098 2761 ut
1135 2726 1191 2760 hic
1221 2725 1328 2770 primo
1365 2728 1525 2769 adspectu
1556 2722 1736 2759 inanimum

353 2780 539 2844 quiddam,
571 2807 671 2834 sensu
702 2806 871 2841 vacuum,
904 2807 940 2833 se
973 2804 1072 2841 putat
1104 2807 1260 2842 cernere;
1296 2805 1371 2841 post
1393 2801 1505 2830 autem
1534 2794 1636 2838 signis
1667 2803 1741 2830 cer-

1676 2871 1740 2899 uo-
