2014 3354
751 238 964 296 (¹7)

172 373 198 416 ἴ(
219 373 331 416 nos,
361 373 450 409 neo
475 358 719 405 immittere
745 352 884 417 igitu'r
912 357 967 402 iis
989 359 1122 403 mala.
1180 358 1328 403 Instar
1354 362 1557 416 parentis

168 460 194 487 «
215 437 451 483 dumtaxat
473 427 718 495 castigare,
747 447 795 481 et
822 438 1053 482 coercere.
1113 435 1295 481 Deinde
1319 433 1434 494 (39)
1460 450 1554 480 non

166 534 192 562 κ
214 513 360 558 videri
398 529 451 557 ea
486 511 602 557 mala
632 513 800 567 bonis,
830 530 919 559 nec
947 514 1071 560 vinci
1093 513 1148 559 iis
1166 545 1180 564 ,
1213 511 1295 558 sed
1323 510 1557 566 exerceri,

162 609 188 637 «
211 602 258 633 et
293 605 377 649 per
409 605 569 649 aspera
594 590 821 651 indurari.
849 579 851 581 ¹
879 592 1028 635 Deum
1066 590 1189 637 velut
1230 587 1554 646 agonothetam

161 685 186 712 «
208 679 302 709 esse
320 696 331 716 ,
361 677 408 710 et
431 652 629 713 robustis
657 668 727 710 his
767 665 951 710 athletis
998 667 1089 709 auis
1132 665 1366 710 delectari.
1426 665 1553 710 Haec

161 763 185 793 (ς
208 742 269 786 ita
296 728 629 799 communiter,
662 754 709 787 et
736 741 862 788 velut
887 757 1166 803 praeparans
1186 772 1200 796 ‚
1230 740 1290 784 ad
1323 743 1436 803 Cap.
1466 742 1551 787 111.

159 839 183 866 ο.
206 820 281 866 Ab
310 835 365 865 eo
395 822 534 878 magis
559 820 779 887 distincte
814 820 1024 882 quinque
1062 819 1296 870 rationes,
1327 835 1410 863 cur
1435 835 1548 863 eve-

156 916 179 944 «
204 896 367 951 uiant,
399 897 588 957 exsequi
614 897 781 956 pergit.
838 897 993 943 Primo
1024 912 1112 957 pro
1133 895 1247 957 ipsis
1278 912 1403 953 esse,
1436 897 1550 959 qui-

153 993 180 1024 κ
201 973 287 1016 hus
312 970 536 1016 accidunt
553 989 567 1017 ε
600 972 806 1016 secundo
821 1005 836 1029 ,
866 988 955 1032 pro
977 973 1201 1019 universis
1219 992 1233 1019 ι
1265 972 1433 1030 tertio,
1458 988 1547 1018 vo·-

151 1067 178 1097 ι
199 1047 404 1093 lentibus
443 1047 653 1092 eveniret
686 1058 852 1108 quarto
884 1048 980 1109 {ato
1000 1058 1047 1092 et
1075 1059 1259 1092 aeterna
1283 1050 1382 1106 lege
1408 1049 1495 1106 (40
1509 1054 1552 1109 ).”

122 1160 126 1164 .
154 1142 177 1173 κ
200 1123 400 1169 Primam
436 1124 661 1169 rationem
707 1134 876 1168 tractat
917 1125 1034 1184 Cap.
1065 1125 1160 1180 111,
1192 1125 1272 1170 lv.
1318 1124 1548 1185 docetque

151 1221 175 1249 e
197 1217 286 1262 pro
330 1200 441 1262 ipsis
473 1216 597 1256 esse,
637 1200 755 1247 sicut
793 1201 1025 1247 medicina
1049 1217 1138 1261 pro
1174 1202 1336 1259 aegris.
1389 1201 1547 1246 Indu-

147 1295 172 1323 «
196 1287 359 1320 rantur
389 1278 526 1321 etiam
556 1279 623 1321 sic
651 1296 676 1322 a
702 1279 825 1330 Deo,
856 1280 938 1339 qui
969 1293 1018 1322 se
1047 1278 1209 1336 dignos
1250 1277 1471 1338 producit
1489 1278 1541 1322 in

148 1374 173 1402 «
194 1370 433 1417 pugnam3
476 1354 586 1399 alios
626 1353 834 1412 viliores,
876 1355 926 1399 in
971 1355 1063 1401 otio
1106 1367 1153 1401 et
1184 1354 1348 1400 umbra
1386 1341 1544 1400 habet.

145 1452 168 1479 α
195 1431 454 1478 Secundam
492 1442 658 1475 tractat
701 1432 815 1493 Cap.
843 1433 903 1479 V.
937 1447 1028 1494 pro
1070 1432 1284 1476 omnibus
1323 1447 1420 1477 esse
1445 1463 1462 1487 ,
1489 1442 1543 1475 ut

145 1529 169 1555 «
195 1509 278 1553 viri
311 1508 455 1559 boni,
500 1508 566 1552 sic
601 1508 783 1565 habiti,
829 1508 1028 1554 clament
1064 1509 1161 1553 aliis
1210 1521 1257 1554 et
1292 1508 1541 1554 ostendant

142 1605 167 1639 ι(
190 1599 284 1628 ιιοιι
314 1599 409 1627 esse
439 1585 565 1627 Bona
598 1595 676 1627 aut
714 1584 863 1639 Mala,
896 1601 1012 1644 quae
1053 1584 1211 1641 vulgus
1243 1597 1391 1645 putet.
1452 1585 1533 1629 Ad

146 1679 169 1706 (ι
194 1674 301 1704 vera
343 1659 481 1716 igitur
525 1658 606 1701 illa
639 1670 874 1718 spectent,
904 1671 950 1702 et
981 1659 1059 1701 illa
1090 1670 1281 1715 petant,
1310 1661 1424 1703 haec
1453 1663 1535 1703 fu-

141 1757 166 1784 «
190 1737 331 1794 giant.
388 1733 568 1780 [bidem
611 1736 793 1780 tertiam
832 1734 953 1793 (41)
993 1733 1165 1791 nectit,
1194 1734 1414 1782 Volentes
1445 1752 1531 1781 ex-

138 1830 162 1857 «
189 1803 368 1873 ciperez
401 1828 506 1854 nam
525 1812 751 1870 praebent
769 1829 817 1857 se
836 1814 933 1856 Deo
953 1822 999 1855 et
1025 1811 1152 1855 Fato.
1212 1813 1389 1869 Quarta
1414 1815 1532 1873 (42)

137 1908 160 1934 «
184 1888 385 1945 excipit.
425 1887 589 1932 Fatum
623 1902 755 1942 esse,
786 1900 833 1931 et
870 1888 929 1931 ab
973 1899 1162 1932 aeterno
1203 1889 1535 1948 constitutum,

137 1983 160 2008 κ
186 1962 302 2023 quid
341 1961 536 2019 gaudeas
582 1960 841 2020 doleasque.
915 1963 1128 2021 Denique
1167 1968 1340 2021 repetit
1383 1967 1535 2024 (43),

135 2060 158 2086 «
182 2038 299 2083 mala
328 2039 439 2084 haec
470 2054 565 2083 non
597 2052 724 2081 essee
755 2049 803 2081 et
830 2037 975 2081 Deum
1000 2035 1183 2081 inducit
1208 2038 1525 2097 pulcherrime

134 2102 534 2169 «adhortantem,
577 2123 625 2157 et
665 2112 725 2156 ad
761 2112 905 2156 robur
932 2114 1221 2156 excitantem.
1282 2114 1433 2159 Stoice
1471 2117 1523 2161 in

131 2213 156 2239 (ι
180 2192 304 2247 fine,
351 2194 389 2236 si
424 2192 549 2250 piget
590 2203 637 2236 et
672 2190 797 2235 ferre
831 2188 1013 2247 taedet,
1052 2189 1154 2250 quis
1196 2192 1358 2237 tenet?
1397 2205 1529 2254 patet

131 2286 155 2315 «
178 2269 320 2326 janua
339 2298 355 2324 ,
385 2267 507 2317 exi.’

1451 2346 1527 2394 An

174 2461 272 2508 (59)
307 2462 401 2510 0⁰1²·
425 2477 460 2502 2·

175 2520 272 2567 (40)
295 2519 407 2555 Inseri
429 2521 539 2567 possit
554 2535 580 2557 «ιι
598 2521 718 2567 quinto
744 2520 841 2556 nulla
858 2533 937 2556 vere
959 2518 1052 2555 mala
1072 2519 1171 2554 bonis
1191 2518 1275 2554 viris
1288 2519 1457 2557 miden.
1470 2523 1496 2542 ’'

174 2572 274 2626 (4¹¹)
302 2581 392 2626 Gap.
416 2582 455 2614 5·
481 2584 513 2624 §.
532 2581 563 2616 3.
590 2592 610 2615 a
633 2579 769 2615 verbis:
810 2587 865 2614 «et
886 2578 1038 2614 volentes
1061 2577 1247 2624 quidem.''

172 2638 271 2683 (42)
294 2639 356 2675 Ib.
380 2639 411 2679 S·
430 2641 452 2673 5
489 2642 540 2673 ad
553 2641 628 2684 fin.
655 2642 745 2686 Gap.

173 2696 270 2742 (43)
294 2696 388 2733 Haec
405 2696 527 2732 ultimo
556 2703 643 2744 cap.
664 2696 895 2733 continentur.
950 2695 1020 2730 Pro
1047 2698 1186 2744 repetit
1214 2703 1328 2731 autem
1357 2695 1517 2741 equidem

123 2755 246 2790 malim
262 2759 422 2793 ostendit
434 2772 448 2798 ,·
476 2768 551 2792 eam
565 2757 656 2792 enim
681 2757 851 2794 rationem
867 2756 1015 2793 nondum
1031 2783 1042 2802 ,
1066 2763 1106 2793 ut
1122 2754 1256 2790 videtur
1269 2782 1281 2800 ‚
1303 2764 1521 2801 exposuerat·

1100 2862 1108 2872 ⁶
1179 2815 1202 2852 3
