2014 3354
955 261 1162 319 (22)

357 375 469 423 licet
504 377 734 436 ignorasse
772 389 923 424 tamen
970 380 1180 432 videtur.
1224 395 1328 426 cum
1354 390 1520 428 utrum
1553 383 1596 428 ei
1630 383 1745 429 sub·

357 454 559 499 stituerit
591 457 651 500 de
682 457 876 500 Provid.
908 473 951 500 c.
975 459 1019 502 5.
1060 460 1106 513 §-
1133 458 1179 503 5.
1235 456 1377 515 Quod
1408 459 1467 503 ad
1501 460 1748 518 orthogra-

355 530 540 591 phium,
571 531 795 592 quaedam
833 531 976 578 hahet
1003 535 1073 585 sui
1110 534 1300 595 propria
1318 566 1333 589 ‚
1363 551 1404 601 y.
1435 551 1475 586 c.
1507 538 1748 598 sinfonia-

356 624 492 663 rum,
538 608 819 665 triunsalis,
869 609 1164 665 Catlzonem,
1210 625 1487 672 quamquam
1526 614 1616 660 hoc
1654 631 1750 661 non

354 695 637 730 constanter.
714 685 914 743 Paginae
963 688 1080 733 duae
1130 690 1308 745 priores
1353 688 1488 747 longe
1529 675 1750 738 deteriori

354 777 497 807 manu
529 763 729 823 scriptae
751 764 993 808 continent
1024 763 1137 808 libri
1171 765 1229 809 de
1259 767 1567 825 Paupertate
1593 770 1747 826 parti-

354 838 504 883 culam
522 870 538 893 ,
568 850 614 882 et
637 839 860 894 nonnulla
881 839 940 883 de
977 853 1118 882 uxore
1143 855 1235 883 non
1276 840 1490 884 ducenda
1523 844 1753 900 sapienti,

353 928 474 971 quae
502 923 610 971 apte
649 916 827 959 referre
861 915 1006 972 possis
1040 914 1098 958 ad
1143 915 1317 959 librum
1358 915 1652 972 deperditum
1690 918 1750 964 de

351 990 673 1037 Matrimonia
694 1024 709 1047 ‚
742 1008 880 1051 quem
918 991 1187 1050 Hieronymi
1217 992 1492 1037 ,auctoritate
1529 1008 1751 1041 memorat

353 1066 596 1112 Fabrie.
621 1068 652 1112 l.
678 1068 708 1111 l.
731 1084 788 1128 p.
817 1071 918 1115 123.
978 1067 1155 1111 Deinde
1180 1078 1468 1127 sequuntur:

367 1172 370 1175 -
417 1160 456 1189 ι.
496 1146 676 1189 Senece
715 1146 774 1189 de
815 1147 1079 1203 presencia
1126 1145 1333 1188 divina&
1396 1144 1565 1188 Libelli
1606 1148 1752 1192 nostri

353 1235 466 1280 pars
485 1231 579 1275 est,
611 1219 825 1268 desinens
853 1220 902 1264 in
930 1220 1081 1265 verbis
1103 1220 1169 1276 (c.
1189 1219 1233 1265 4.
1268 1221 1310 1277 §.
1335 1219 1409 1275 4.)
1440 1239 1463 1265 «
1487 1219 1630 1264 fortes
1656 1222 1751 1284 rni-

351 1297 453 1341 lites
495 1295 605 1341 belli
647 1297 883 1356 triumpho
898 1296 929 1315 ”
976 1294 1367 1353 quemadmodum
1397 1296 1446 1338 in
1483 1298 1571 1339 hoc
1610 1297 1749 1341 MSto

352 1370 536 1428 legitur.
598 1370 783 1415 Titulus
809 1371 922 1415 inde
948 1373 1138 1415 fortasse
1169 1370 1282 1413 oriri
1312 1371 1493 1430 potuit,
1527 1371 1652 1430 quod
1677 1371 1742 1413 li-

354 1449 537 1491 brarius
568 1464 672 1492 eum
687 1464 836 1509 prope
859 1448 916 1490 ab
941 1447 1076 1490 initio
1102 1446 1304 1491 videi-etz
1339 1468 1359 1492 a
1386 1449 1622 1491 interesse
1653 1462 1747 1491 ηο-

354 1524 429 1566 bie
464 1524 706 1577 Deum,”
736 1525 827 1566 hoc
858 1523 1069 1581 opusculi
1106 1534 1422 1579 argumentum
1464 1539 1559 1568 esse
1590 1523 1749 1567 credi-

352 1599 493 1645 derit.

385 1674 788 1734 12..Epistolae‚
842 1675 891 1718 in
936 1674 1072 1719 XXH
1106 1672 1250 1717 libros
1291 1672 1475 1721 divisae.
1543 1675 1753 1721 Subinde

355 1752 582 1797 nonnulla
612 1751 951 1796 desiderantur.
1008 1752 1139 1808 Quae
1182 1751 1315 1808 vulgo
1353 1751 1501 1797 fertur
1538 1754 1642 1804 48²,
1672 1753 1752 1799 hic

353 1830 405 1876 in
429 1828 543 1876 duas
565 1827 877 1872 distribuitur.

354 1936 359 1943 ·
411 1908 455 1952 5.
475 1906 568 1950 .De
605 1905 870 1949 Clementia
896 1912 1116 1962 quantum
1146 1912 1372 1962 superest.

408 1982 450 2026 4.
486 1981 560 2025 De
587 1981 783 2025 casibus
798 1978 1078 2036 fortuitis*.
1137 1976 1295 2032 Idem,
1328 1976 1409 2034 qui
1442 1975 1502 2020 de
1543 1979 1741 2024 Remed.

338 2058 547 2119 fortuit.
606 2055 781 2113 Dialogi
808 2054 954 2099 forma
991 2054 1055 2097 ita
1091 2062 1271 2096 servata
1301 2062 1406 2109 est,
1435 2062 1486 2097 ut
1524 2053 1711 2112 singulis
1730 2087 1745 2111 ,

351 2154 378 2183 κ
404 2134 643 2187 morieris,
685 2131 983 2190 aegrotabis”
1023 2129 1338 2191 similibusque
1377 2129 1632 2184 Gallionis,
1664 2147 1743 2175 re-

353 2210 680 2269 sponsionibus
707 2220 856 2253 autem
885 2209 989 2253 Sen
1006 2223 1140 2252 ecae
1167 2222 1333 2250 nomen
1364 2206 1620 2263 praefixum
1644 2209 1721 2255 sit.

407 2291 454 2334 5.
493 2288 569 2332 De
600 2295 811 2347 quatuor
825 2285 1091 2331 virtutibus
1122 2283 1472 2332 cardinalibus.

409 2367 454 2410 6.
484 2364 736 2421 Excerpta
759 2380 816 2407 ex
840 2364 981 2407 libris
1008 2362 1184 2405 Senece
1213 2362 1272 2404 de
1308 2359 1615 2417 Beneficiis*-

346 2473 350 2476 -
409 2458 452 2499 7.
489 2441 714 2485 collectio
769 2439 1188 2488 similitudinum.
1231 2437 1648 2496 comparationum
1692 2447 1742 2485 et

348 2519 626 2577 aliquorum
657 2517 1011 2575 exemplorum,
1053 2531 1144 2575 que
1170 2514 1411 2559 habentur
1443 2513 1495 2555 in
1518 2514 1741 2571 epistolis

349 2597 577 2640 διέπει-ε’.
647 2594 726 2639 Sic
758 2595 807 2637 in
852 2594 945 2638 fine
996 2592 1185 2638 dicitur.
1260 2594 1406 2640 Habet
1442 2606 1497 2634 ea
1538 2587 1747 2635 collectio

352 2672 541 2716 fortasse
590 2669 859 2715 nonnullam
905 2670 971 2715 rei
1020 2671 1206 2714 criticae
1247 2671 1523 2719 utilitatem.
1568 2668 1743 2727 quippe

345 2749 577 2805 longiores
609 2765 743 2808 saepe
773 2748 973 2792 Senecae
1002 2750 1249 2802 sententias
1280 2749 1491 2794 afferens.

1705 2822 1746 2867 8.
