2014 3354
732 283 953 338 (21,

153 406 301 467 pauli
325 406 394 451 ad
423 406 696 450 Senecam*.
754 404 1105 465 Hieronymi
1133 404 1258 451 locus
1283 416 1380 462 est,
1412 420 1547 466 quem

161 482 393 541 Lipsius
423 481 577 525 attulit
608 481 747 526 Edit.
772 496 825 540 p.
848 493 993 527 xxvn

226 574 292 603 ια.
325 560 480 616 Ipsae,
524 574 642 618 quae
685 558 924 610 feruntur,
976 560 1145 604 Pauli
1188 570 1237 604 et
1275 559 1551 604 Senecae

163 633 398 695 epistolae.

221 713 292 758 ιδ.
322 709 571 756 Librorum
596 711 654 756 de
681 710 945 755 Clementia
975 720 1194 770 quantum
1216 724 1439 770 superest.

223 790 294 836 14.
327 789 406 836 De
435 797 645 847 quatuor
674 788 938 832 virtutibus
967 788 1316 833 cardinalibus.
1364 789 1550 833 'riussus

165 867 292 914 deest
310 886 323 913 ε
358 877 518 910 notum
547 876 615 910 est
645 864 773 909 hunc
796 863 966 908 librum
994 864 1345 925 suppositicium
1372 865 1559 911 haberi.-

224 945 294 988 15.
323 944 432 984 Pars
478 942 714 998 epistolae
742 941 981 984 secundae
1029 958 1055 984 a
1093 941 1246 985 verbis
1297 962 1322 987 (ε
1349 943 1549 1001 primum

167 1033 191 1065 ιι
215 1025 529 1072 argumentum
547 1015 579 1036 '’
609 1015 668 1057 ad
698 1035 722 1062 «
747 1014 921 1073 aliquid
943 1016 1269 1076 apprehendo,
1287 1018 1318 1037 '’
1349 1019 1431 1061 sed
1459 1018 1552 1063 ad-

165 1093 352 1139 modum
386 1091 580 1135 turbata.

225 1172 294 1216 16.
325 1168 467 1213 Liber
505 1167 564 1212 de
600 1176 931 1226 paupertate,
980 1183 1118 1226 quem
1156 1168 1396 1227 Lipsius
1443 1171 1554 1215 Ex-

166 1255 441 1305 cerptorum
481 1244 668 1289 nomine
710 1246 910 1303 subjecit
948 1243 1171 1297 editioni,
1221 1245 1422 1294 Senecae
1459 1264 1557 1293 non

164 1338 260 1368 esse
290 1320 516 1379 judicans.

230 1415 297 1457 17.
326 1398 499 1443 Iterum
524 1397 732 1455 epistola
757 1398 996 1449 secunda,
1027 1397 1106 1442 sed
1131 1398 1290 1443 ultima
1318 1416 1449 1459 parte
1473 1419 1555 1449 ca-

165 1490 272 1521 rens
302 1492 327 1519 a
357 1473 542 1518 vex-bist
589 1493 609 1520 (ι
637 1484 913 1532 paupertate
944 1474 1065 1518 hene
1090 1477 1318 1525 convenit.
1332 1479 1366 1501 '’

224 1553 293 1595 De
322 1548 515 1603 Codice,
547 1564 684 1606 quam
708 1550 832 1607 antiq
844 1564 924 1591 uus
951 1550 1040 1605 sit,
1072 1551 1138 1593 nil
1171 1555 1284 1597 certi
1316 1556 1443 1615 quod
1471 1557 1555 1602 di-

170 1645 271 1674 cam
290 1628 455 1670 habeo.
515 1625 583 1667 De
609 1625 933 1682 orthographia
953 1657 967 1679 ,
997 1626 1140 1684 siquis
1160 1627 1273 1673 iude
1306 1635 1551 1689 conjectu-

166 1724 266 1754 ram
306 1703 522 1766 temporis
563 1700 734 1746 ducere
767 1700 913 1755 velit,
961 1700 1073 1746 haec
1108 1718 1253 1763 pauca
1286 1721 1558 1758 memorasse

166 1784 385 1829 sufficiat:
420 1780 655 1825 solennem
678 1779 726 1822 in
761 1789 955 1836 utroque
991 1778 1095 1831 cod,
1138 1781 1414 1840 scripturam
1460 1802 1558 1832 esse

167 1878 193 1906 e
225 1876 311 1919 pro
352 1875 441 1911 ae,
482 1868 533 1899 ut
574 1870 712 1911 cepe,
747 1870 977 1910 preesse,
1024 1866 1120 1901 tum
1168 1858 1218 1902 ci
1255 1874 1344 1918 pro
1390 1864 1463 1918 ti,
1505 1875 1558 1909 ut

170 1937 389 1982 senciant
404 1964 418 1988 ,
449 1932 675 1990 ingencia
692 1961 706 1985 ‚
739 1931 978 1974 moncium
990 1949 1012 1984 ,-
1046 1933 1200 1977 michi
1227 1945 1273 1978 et
1293 1938 1453 1983 nichil
1467 1957 1557 2000 pro

167 2013 289 2057 mihi
328 2021 373 2054 et
411 2008 575 2061 nihil;
625 2024 663 2067 y
698 2022 785 2068 pro
824 2008 843 2050 ἰ
874 2007 923 2050 in
965 2008 1035 2051 his
1067 2025 1269 2068 yemps,
1307 2015 1558 2073 ymbrem,

161 2089 420 2150 ymagines·
438 2119 451 2141 ‚
482 2095 528 2129 et
558 2094 717 2128 contra
742 2082 881 2127 scribi
917 2083 1132 2143 Olimpia
1150 2118 1165 2140 ‚
1198 2088 1318 2132 Silla
1338 2105 1423 2148 pro
1440 2094 1559 2151 Syl.

168 2169 249 2219 la5
283 2165 487 2224 denique
519 2162 596 2205 hii
631 2171 677 2205 et
721 2160 820 2205 hiis
849 2175 937 2221 pro
968 2161 1024 2204 Ιιὶ
1064 2172 1112 2205 et
1136 2163 1253 2217 his,-
1304 2164 1556 2216 Occeaaue

167 2257 256 2302 pro
286 2242 524 2284 Oceanus.

232 2317 363 2365 Alter
393 2315 507 2361 cod.
540 2315 803 2359 chartaceus
829 2312 937 2358 olim
967 2313 1016 2357 in
1043 2314 1261 2362 Biblioth.
1295 2318 1556 2369 Varmien..

170 2395 216 2436 si
245 2394 356 2447 fuit,
399 2403 451 2434 ut
494 2393 641 2449 prima
679 2407 778 2448 pag.
819 2389 1013 2446 legitur3
1057 2405 1161 2450 post
1201 2393 1259 2435 ad
1296 2396 1444 2441 virum
1480 2401 1553 2446 Ill.

169 2469 429 2533 I-saacum
457 2470 728 2514 Vossium
759 2469 989 2525 pervenit.
1050 2469 1291 2527 Temporis
1316 2485 1385 2517 est
1413 2494 1558 2538 aeque

167 2543 361 2595 incerti,
389 2545 672 2597 minoribus,
704 2558 842 2600 quam
868 2541 1007 2596 alter,
1034 2544 1176 2588 literis
1203 2550 1430 2608 scriptus,
1460 2569 1554 2598 non

170 2624 269 2666 sine
304 2619 481 2663 librarii
515 2619 776 2676 diligentia,
803 2628 855 2661 ut
892 2632 1085 2679 apparet
1120 2638 1145 2665 e
1175 2627 1308 2669 variis
1338 2627 1555 2675 lectioni-

168 2699 254 2742 bus
283 2696 470 2756 aliisque
508 2695 675 2739 notulis
705 2695 785 2738 hic
819 2693 915 2738 illic
954 2695 1011 2739 ab
1039 2697 1228 2755 eadem,
1271 2713 1320 2745 ut
1346 2704 1529 2751 videtur
1549 2742 1564 2763 ‚

168 2791 305 2820 manu
335 2774 539 2831 adjectis.
601 2772 937 2830 Elegantiorem
963 2790 1092 2819 usum
1121 2779 1369 2836 particulae
1396 2793 1451 2828 ut
1470 2802 1556 2843 pro

1487 2864 1552 2904 Δι’-

1990 195 2003 243 „⁴⁴0
