2014 3354
781 120 945 160 Ξ
1527 116 1582 170 89

178 251 222 283 ‘ta
260 251 421 288 possent,
473 250 568 285 spem
607 238 768 271 maleficii
810 237 993 278 praesentis
1029 235 1064 267 in
1099 237 1227 272 incerto
1265 242 1386 285 reliqui
1429 243 1590 286 temporis

186 324 313 352 eventu
349 309 608 351 collocares?”
652 309 700 341 Et
731 308 775 341 de
806 308 889 341 Fin.
919 307 962 347 1,
999 315 1053 341 ιο.
1096 307 1181 340 haec
1213 309 1422 350 Torquatum
1457 316 1587 357 Epicu-

187 398 283 423 reum
314 387 482 421 dicentem
513 382 619 417 facitt
652 405 686 425 „
709 382 760 415 At
791 388 877 413 vero
907 380 968 414 eos
1000 386 1036 413 et
1067 388 1291 422 accusamus,
1324 388 1361 414 et
1388 381 1477 422 justo
1505 387 1587 422 odio

185 460 395 506 dignissimos
427 457 603 499 ducimus,
648 455 708 499 qui
741 452 914 488 blanditiis
942 453 1169 496 praesentium
1203 454 1425 497 voluptatum
1459 455 1588 492 deliniti

184 540 287 572 atque
329 530 501 571 corrupti,
547 538 635 571 quos
678 526 840 567 dolores,
883 532 920 558 et
960 534 1047 566 quas
1079 525 1250 560 molesdas
1282 525 1463 569 excepturi
1495 526 1589 568 siut,

182 598 356 634 occaecati
386 598 573 640 cupiditate
594 605 663 630 non
685 592 917 637 provident.”
951 593 1039 627 Item
1061 595 1165 629 Tusc.
1186 595 1226 637 1,
1250 605 1308 637 30:
1345 620 1376 640 „
1400 597 1460 640 qui
1483 612 1595 626 —-

126 664 133 670 ’
182 680 219 705 se
252 678 344 705 totos
370 670 568 705 libidinibus
597 669 833 710 dedidissent,
864 668 990 710 quibus
1020 667 1190 702 caecati’·
1222 677 1294 705 cet.

144 743 262 775 alieno
295 741 544 775 imminentem.
606 740 744 774 Dilecta
780 722 993 772 senecae
1024 738 1168 780 phrasis.
1214 739 1268 774 lta
1300 741 1424 784 Epist.
1457 742 1516 784 ¹1,
1546 754 1590 786 5⁸

185 834 214 853 „
239 810 330 854 Quid
359 809 448 843 enim
478 808 605 851 refert,
640 792 807 851 quantum
839 805 890 841 illi
919 806 955 841 in
983 815 1085 850 arca,
1120 816 1285 850 quantum
1316 810 1352 844 in
1386 811 1516 845 horreis
1542 810 1594 853 ja-

185 890 286 924 ceat,
329 887 494 922 quantum
534 888 676 924 pascat,
720 887 885 922 quantum
925 880 1104 923 foeneret,
1146 881 1175 916 si
1205 882 1319 917 alieno
1354 882 1536 923 imminet,
1566 882 1598 918 si

188 963 257 988 non
288 952 478 995 acquisita,
509 954 572 988 sed
602 953 809 996 acquirenda
840 952 1087 996 computat?”
1122 954 1337 999 Imminere,
1370 955 1400 991 sl
1420 953 1492 991 vim
1512 963 1596 991 ver·

186 1024 222 1057 bi
250 1030 414 1067 epectes,
443 1023 589 1067 primum
617 1026 743 1061 dicitur
769 1035 848 1068 res,
884 1034 973 1068 quae
1003 1025 1040 1059 in
1072 1034 1115 1061 eo
1145 1033 1221 1068 est,
1259 1034 1300 1062 ut
1328 1027 1362 1062 in
1390 1025 1490 1061 allam
1520 1035 1594 1061 rem

184 1093 322 1137 jamjam
353 1094 504 1140 incidat,
548 1098 654 1140 idque
683 1107 762 1133 cum
794 1096 956 1140 proprie,
996 1103 1069 1131 tum
1101 1095 1270 1141 figurate,
1304 1106 1344 1133 ut
1373 1106 1520 1140 saxum,
1552 1104 1595 1131 ut

186 1167 373 1211 accipiter,
408 1176 446 1203 ut
477 1169 601 1208 hostis.
657 1168 743 1203 Inde
774 1167 974 1203 translatum
1007 1166 1186 1212 adanimi
1217 1167 1439 1211 cupiditatem
1465 1166 1596 1209 talem,

189 1246 278 1278 quae
308 1240 405 1278 quasi
437 1243 593 1277 manibus
623 1243 784 1285 porrectis
813 1250 943 1284 oreque
972 1240 1115 1276 inhianti
1148 1240 1192 1274 ad
1219 1240 1446 1284 arripiendum
1479 1246 1596 1282 parata

186 1309 246 1344 sit.
305 1310 358 1344 lta
401 1311 502 1348 Cic.
532 1322 600 1358 pro
628 1315 715 1350 Mil.
746 1323 812 1357 35²
850 1337 881 1357 .,
903 1313 1039 1356 plebem
1072 1319 1108 1347 et
1134 1311 1285 1347 infimam
1315 1309 1595 1355 multitudinem,

188 1390 276 1422 quae
307 1382 348 1418 P.
373 1384 501 1419 Clodio
531 1387 643 1428 duce,
673 1387 818 1421 fortunis
846 1386 973 1420 vestris
1004 1381 1252 1421 imminebat-’⁹

146 1455 330 1492 sarcinas.
387 1455 440 1490 Ita
483 1466 545 1499 per
585 1464 795 1495 contemtum
839 1456 1067 1500 possessiones
1099 1455 1338 1500 appellantur,
1385 1463 1425 1492 ut
1468 1464 1488 1490 a
1520 1455 1595 1500 Ju-

189 1532 292 1561 ven.
325 1527 405 1568 111,
428 1528 514 1563 161²

279 1620 311 1638 ,‚
336 1598 422 1639 Quis
453 1607 557 1641 gener
583 1598 640 1632 hic
671 1597 801 1640 placuit
831 1606 935 1633 censu
967 1594 1099 1635 minor.
1130 1602 1235 1641 atque
1263 1597 1398 1641 puellae

332 1668 517 1701 sarcinulis
546 1665 729 1709 impu-2⁹·

186 1736 381 1770 Dictionem
416 1740 585 1772 sarcinas
614 1745 769 1771 servare
800 1737 888 1768 bene
918 1735 1062 1770 videtur
1095 1745 1116 1771 e
1147 1739 1365 1773 senecae
1398 1742 1511 1771 mente
1543 1735 1596 1771 in·

189 1806 364 1848 terpretari
391 1807 526 1850 Lips.
570 1830 601 1849 „
625 1813 664 1840 ut
693 1803 774 1839 loco
804 1801 933 1838 calonis
963 1788 1161 1845 servulique
1194 1805 1288 1843 sit.”
1343 1807 1452 1839 Erant
1481 1812 1596 1838 autem

184 1875 219 1907 in
265 1878 418 1911 exercitu
460 1865 648 1921 σιιῖιοφὸροι
689 1875 890 1911 vilissimum
933 1875 1111 1910 hominum
1154 1887 1287 1920 genus,
1332 1885 1372 1911 ut
1402 1885 1546 1918 apparet
1575 1886 1596 1910 e

186 1944 404 1989 Xenoph.
438 1947 556 1984 Anah.
591 1947 669 1992 111,
696 1957 731 1984 1.
759 1946 796 1989 S.
818 1956 875 1989 30.
921 1945 1085 1981 similiter
1112 1946 1185 1991 ipsa
1212 1955 1295 1983 vera
1320 1944 1484 1989 sapientis
1504 1946 1596 1980 bona

187 2017 290 2051 relius
321 2017 471 2054 externis
496 2020 643 2063 opponit
671 2020 802 2054 Boiit.
838 2019 946 2053 Cons.
974 2019 1015 2061 1,
1043 2027 1085 2063 p.
1111 2029 1154 2062 7,
1177 2021 1222 2062 8,
1253 2018 1314 2053 ubi
1341 2016 1390 2051 sic
1422 2016 1593 2051 dicentem

186 2086 270 2122 facit
310 2089 590 2135 Philosophiamt
645 2114 676 2135 „
700 2091 771 2134 Qui
816 2089 1065 2135 [pessimorum
1107 2090 1282 2126 hominum
1325 2086 1522 2131 exercitus]
1564 2087 1595 2119 si

187 2160 326 2198 quando
358 2172 475 2198 contra
506 2175 570 2200 nos
611 2166 718 2199 aciem
749 2173 883 2198 struens
912 2165 1085 2199 valentior
1121 2164 1339 2209 incubuerit,
1373 2172 1487 2201 nostra
1519 2163 1596 2206 qui·

190 2229 267 2263 dem
310 2230 379 2265 dux
408 2234 524 2274 copias
553 2246 632 2270 suas
663 2234 696 2270 in
727 2244 838 2269 arcem
871 2233 1065 2276 contrahitt,
1106 2234 1158 2269 illi
1192 2243 1279 2271 vero
1309 2235 1397 2270 circa
1432 2234 1594 2276 diripien-

188 2298 247 2332 das
279 2299 427 2334 inutileis
451 2304 636 2339 sarcinulas
669 2305 929 2348 occupantur.’‘

149 2370 367 2414 remittunt,
423 2372 449 2407 i.
490 2383 524 2410 c.
572 2377 638 2409 hac
681 2378 795 2411 Deum
838 2386 927 2411 cura
973 2375 1156 2416 liberant,
1201 2383 1277 2407 eam
1321 2381 1365 2406 ne
1402 2373 1597 2414 postulant

187 2442 343 2483 quidem.
404 2445 508 2486 Quod
551 2455 620 2480 non
660 2454 861 2489 monerem,
907 2447 971 2481 nisi
1011 2446 1169 2490 Belgicae
1212 2442 1377 2479 versionis
1419 2451 1595 2481 auctorem

187 2511 590 2552 Glazemakerum
633 2516 860 2560 (Amstelod.
904 2518 1039 2561 1658.)
1091 2518 1176 2552 haec
1221 2516 1267 2551 ita
1311 2524 1469 2557 perverse
1519 2515 1596 2548 red-

184 2583 305 2618 didisse
347 2584 524 2628 videi-em.
576 2597 617 2622 ac
658 2589 688 2624 si
727 2588 810 2624 boni
850 2587 918 2623 viri
960 2599 1076 2624 curam
1124 2589 1215 2624 illam
1257 2589 1335 2624 Deo
1375 2586 1593 2621 commenda-

186 2657 276 2691 ren't.

146 2736 226 2766 ext.
258 2736 352 2765 cont.
397 2730 437 2765 In
470 2732 609 2769 candem
645 2735 845 2771 sententiam
882 2734 1084 2772 Sallust.
1112 2738 1155 2772 de
1179 2734 1261 2769 Diis
1286 2738 1321 2765 et
1346 2731 1472 2765 mundo
1498 2738 1529 2762 c.
1553 2736 1595 2770 9=

879 2808 916 2839 M
1504 2823 1532 2842 ,‚
1559 2800 1599 2834 ει·
