2014 3354
792 235 977 295 (5)

192 358 276 404 De
314 350 495 405 munda·
514 357 863 418 gubernatione
903 358 1076 403 divina
1109 356 1436 417 provzdentia.
1504 353 1575 403 Ec

195 433 411 495 qualitor
440 435 595 481 multa
622 435 752 483 mala
774 436 909 481 bonis
936 435 1066 481 viris
1098 435 1346 480 accidunt.
1407 434 1583 499 Henr·

196 511 547 571 Stephanus
574 512 910 571 Proodopoeia
936 513 1005 555 acl
1027 513 1136 556 lect.
1167 512 1278 555 Sen.
1298 526 1356 569 p·
1385 523 1484 569 217.
1513 510 1578 553 li-

194 586 339 633 brum
370 588 571 649 appellat
614 609 638 637 «
662 588 730 634 De
772 587 933 635 ‚divina
971 587 1285 649 providentia,
1329 586 1400 632 vel
1431 587 1582 648 potius

201 684 225 712 «
248 664 421 728 absque
455 665 740 724 adjectione,
771 666 838 709 De
869 662 1164 724 providentia
1204 662 1376 724 (quem
1400 662 1475 707 alii
1499 663 1581 706 in-

198 760 225 789 «
248 743 486 799 scribunt,
532 749 674 804 quare
708 742 842 787 bonis
871 741 980 788 viris
1007 740 1127 785 mala
1149 739 1366 785 accidant
1382 772 1397 796 ,
1441 754 1586 798 quum

199 837 225 865 «
247 818 307 863 sit
330 817 620 882 providentia
633 818 719 879 ).’'
780 816 978 876 Intelligi
1005 827 1120 877 puto
1147 816 1200 862 M
1213 830 1315 861 ure
1328 826 1471 871 tum,
1505 814 1588 876 qui

206 893 349 937 Orat.
364 896 449 940 vol.
468 894 530 937 11.
556 903 684 938 orat.
709 897 750 939 5.
776 895 965 938 scribitx
1020 904 1253 949 ”constan
1282 908 1439 938 veram
1464 892 1588 937 illius

203 989 226 1016 «
255 954 673 1029 (commentarioli)
702 968 1055 1028 inscriptionem
1078 983 1175 1012 non
1192 983 1289 1012 esse
1304 985 1433 1020 cam.
1466 986 1588 1028 quae

201 1064 226 1091 «
241 1044 385 1102 ,vulgo
403 1054 597 1103 recepta
624 1054 723 1098 est,
754 1060 892 1104 quam
920 1057 1004 1101 ego
1026 1052 1209 1097 tamen,
1237 1058 1299 1087 nc
1321 1044 1472 1087 omnia
1494 1059 1587 1089 no-

201 1141 227 1170 «
248 1136 357 1168 vare
379 1120 592 1177 dicerer,
619 1120 823 1178 retinui,
853 1120 934 1166 De
955 1120 1291 1179 providentia,
1322 1119 1404 1165 sed
1436 1137 1588 1181 quare

199 1216 225 1247 α
248 1199 385 1245 bonis
425 1199 545 1243 viris
582 1197 712 1243 mala
754 1199 1017 1255 accidant,
1066 1213 1178 1253 cum
1217 1200 1287 1244 sit
1316 1201 1585 1258 providen-

202 1295 227 1323 «
252 1277 325 1320 tia
353 1275 511 1332 (ιι),
546 1283 599 1317 ut
627 1284 804 1318 constat
831 1291 888 1320 ex
915 1275 1156 1320 Lactantio
1185 1275 1236 1320 in
1264 1275 1387 1321 libro
1423 1276 1481 1320 de
1520 1277 1590 1323 ira

199 1370 226 1400 «
250 1349 351 1396 Dei.
366 1349 398 1370 ’'
442 1348 671 1395 Lactantii
688 1348 843 1395 locum
870 1350 960 1410 (V,
980 1364 1053 1397 22.
1064 1367 1122 1411 p.
1143 1352 1245 1412 495.
1271 1351 1591 1412 Heumanm‘)

199 1426 490 1487 Ruhkopf
495 1426 584 1469 ius
613 1424 795 1482 attulit,
835 1429 917 1486 qui
953 1426 1081 1488 quod
1109 1428 1335 1485 egregiam
1362 1429 1499 1485 hujus
1524 1429 1591 1473 li-

199 1501 313 1548 belli
340 1501 784 1548 commendationem
813 1503 1048 1555 continet,
1079 1503 1158 1548 hic
1181 1503 1316 1549 etiam
1338 1520 1588 1566 apponen-

201 1578 289 1624 dus
326 1570 444 1625 vitus
471 1588 571 1622 est:
620 1597 644 1624 κ
669 1578 719 1623 Si
750 1579 853 1638 quis
890 1589 1041 1623 autem
1069 1577 1192 1623 volet
1234 1580 1351 1622 scire
1378 1577 1590 1640 phnius,

203 1676 230 1703 α
253 1671 337 1700 cur
363 1653 504 1700 malos
539 1664 587 1698 et
615 1653 809 1712 injustos
839 1655 959 1699 Deus
984 1665 1229 1714 potentes,
1261 1654 1415 1700 beatos
1450 1668 1497 1701 et
1521 1658 1591 1701 di-

202 1752 229 1781 «
252 1731 364 1778 vites
390 1730 493 1776 ficri
510 1730 656 1786 sinat,
687 1730 787 1790 pios
814 1742 973 1775 contra
998 1731 1216 1785 humiles,
1244 1731 1432 1777 miseros
1448 1766 1462 1788 ,
1493 1735 1594 1778 ino-

205 1829 230 1857 «
251 1824 335 1868 pes
364 1824 460 1852 esse
494 1810 721 1865 patiatur3
763 1820 910 1853 sumat
946 1824 1051 1852 eum
1081 1808 1347 1853 Senecae
1387 1810 1555 1855 librum
1576 1846 1592 1865 ‚

204 1907 228 1934 α
255 1885 329 1929 cui
369 1882 527 1928 titulus
557 1894 653 1928 csta
687 1899 832 1943 quare
857 1883 993 1927 honis
1016 1885 1125 1929 viris
1149 1883 1293 1930 multa
1321 1886 1437 1931 mala
1462 1889 1591 1933 acci-

203 1983 228 2009 «
252 1960 366 2005 dant
383 1992 397 2015 ‚
428 1975 569 2019 quum
588 1960 647 2002 sit
664 1958 981 2017 providentia3
1015 1961 1066 2003 in
1084 1976 1176 2019 quo
1201 1962 1280 2005 ille
1296 1963 1462 2017 multa,
1493 1981 1589 2008 non

206 2059 231 2087 «
253 2036 391 2102 plane
431 2034 663 2095 imperitia
709 2033 934 2100 seculari,
977 2033 1057 2079 sed
1094 2036 1324 2098 sapienter
1361 2053 1415 2083 ac
1445 2054 1591 2100 paene

206 2136 232 2163 (ς
254 2115 474 2159 divinitus
501 2114 679 2155 locutus
704 2124 787 2154 est.
806 2113 848 2161 ”i

229 2204 232 2207 ’
263 2190 598 2250 Argumentum
623 2202 648 2232 e
672 2186 943 2247 gravissimis
971 2204 1093 2243 csse,
1135 2206 1268 2236 nemo
1293 2190 1427 2236 facile
1459 2208 1591 2252 nega-

204 2268 341 2313 verit.
401 2268 505 2310 Non
530 2276 598 2308 est
619 2264 745 2325 quod
767 2267 986 2308 miremur
1011 2266 1216 2310 homines
1239 2269 1441 2327 antiquis
1469 2283 1588 2315 tem-

205 2345 427 2404 poribus,
470 2343 656 2404 quando
684 2341 896 2403 viderent
926 2344 1106 2404 pietatis
1133 2356 1180 2389 et
1208 2346 1390 2391 virtutis
1424 2365 1588 2393 aman-

1500 2436 1587 2470 ns-

205 2538 252 2571 de
273 2535 381 2571 libris
402 2536 539 2573 ναι-ἰὸν.
573 2537 613 2571 in
644 2536 744 2572 Bibl.
777 2536 978 2571 Ratisbon.
1004 2550 1047 2584 p.
1070 2539 1126 2574 50.
1186 2537 1401 2575 Memoratur
1435 2540 1539 2574 etiam
1568 2553 1589 2576 a

207 2592 427 2631 Fabricio
450 2595 550 2632 Bibl.
575 2599 659 2632 Lat.
688 2592 855 2632 Tom.11.
874 2608 917 2643 p.
936 2607 1012 2633 110.
1036 2598 1092 2634 ed.
1113 2598 1207 2637 Em.

255 2653 353 2699 (n)
385 2648 481 2687 Hanc
504 2651 762 2698 inscriptionem
785 2651 895 2687 solam
918 2653 1027 2692 edidit
1057 2655 1195 2692 ΛΜΗ.
1227 2657 1468 2694 Schottus:
1506 2670 1591 2694 ean-

211 2712 290 2749 dem
312 2713 471 2761 probavit
494 2711 661 2750 Fabrie.
681 2713 708 2751 l.
723 2713 750 2750 l.
771 2726 812 2760 p.
835 2713 909 2751 104.
