<?xml version="1.0" encoding="UTF-8"?>
<!DOCTYPE html PUBLIC "-//W3C//DTD XHTML 1.0 Transitional//EN"
    "http://www.w3.org/TR/xhtml1/DTD/xhtml1-transitional.dtd">
<html xmlns="http://www.w3.org/1999/xhtml" xml:lang="en" lang="en">
 <head>
  <title>
</title>
<meta http-equiv="Content-Type" content="text/html;charset=utf-8" />
  <meta name='ocr-system' content='tesseract 3.04.00' />
  <meta name='ocr-capabilities' content='ocr_page ocr_carea ocr_par ocr_line ocrx_word'/>
</head>
<body>
  <div class='ocr_page' id='page_1' title='image "4738100_0037.png"; bbox 0 0 2014 3354; ppageno 0'>
   <div class='ocr_carea' id='block_1_1' title="bbox 842 310 1052 367">
    <p class='ocr_par' dir='ltr' id='par_1_1' title="bbox 842 310 1052 367">
     <span class='ocr_line' id='line_1_1' title="bbox 842 310 1052 367; baseline 0 0"><span class='ocrx_word' id='word_1_1' title='bbox 842 310 1052 367; x_wconf 82' lang='lat'>(25)</span> 
     </span>
    </p>
   </div>
   <div class='ocr_carea' id='block_1_2' title="bbox 231 432 1625 868">
    <p class='ocr_par' dir='ltr' id='par_1_2' title="bbox 231 432 1622 554">
     <span class='ocr_line' id='line_1_2' title="bbox 231 432 1622 494; baseline 0.002 -17"><span class='ocrx_word' id='word_1_2' title='bbox 231 433 381 477; x_wconf 82' lang='lat' dir='ltr'>liciter</span> <span class='ocrx_word' id='word_1_3' title='bbox 427 432 613 478; x_wconf 81' lang='lat' dir='ltr'>inventa</span> <span class='ocrx_word' id='word_1_4' title='bbox 659 448 801 479; x_wconf 84' lang='lat' dir='ltr'>novae</span> <span class='ocrx_word' id='word_1_5' title='bbox 834 433 1010 494; x_wconf 85' lang='lat' dir='ltr'>aliquid</span> <span class='ocrx_word' id='word_1_6' title='bbox 1050 432 1164 479; x_wconf 89' lang='lat' dir='ltr'>lucis</span> <span class='ocrx_word' id='word_1_7' title='bbox 1210 432 1449 477; x_wconf 74' lang='lat' dir='ltr'>effundere</span> <span class='ocrx_word' id='word_1_8' title='bbox 1488 449 1622 494; x_wconf 88' lang='lat' dir='ltr'>posse</span> 
     </span>
     <span class='ocr_line' id='line_1_3' title="bbox 234 508 518 554; baseline -0.004 -1"><span class='ocrx_word' id='word_1_9' title='bbox 234 508 518 554; x_wconf 86' lang='lat' dir='ltr'>viderentur.</span> 
     </span>
    </p>

    <p class='ocr_par' dir='ltr' id='par_1_3' title="bbox 232 582 1625 868">
     <span class='ocr_line' id='line_1_4' title="bbox 288 582 1623 645; baseline -0.001 -18"><span class='ocrx_word' id='word_1_10' title='bbox 288 584 378 627; x_wconf 88' lang='lat' dir='ltr'>Res</span> <span class='ocrx_word' id='word_1_11' title='bbox 403 593 448 626; x_wconf 90' lang='lat' dir='ltr'>et</span> <span class='ocrx_word' id='word_1_12' title='bbox 473 584 722 628; x_wconf 87' lang='lat' dir='ltr'>sententiae</span> <span class='ocrx_word' id='word_1_13' title='bbox 755 599 811 627; x_wconf 84' lang='lat' dir='ltr'>ex</span> <span class='ocrx_word' id='word_1_14' title='bbox 845 595 1100 628; x_wconf 86' lang='lat' dir='ltr'>ceterorum</span> <span class='ocrx_word' id='word_1_15' title='bbox 1128 584 1386 629; x_wconf 88' lang='lat' dir='ltr'>Stoicorum</span> <span class='ocrx_word' id='word_1_16' title='bbox 1411 582 1623 645; x_wconf 81' lang='lat' dir='ltr'>scriptis,</span> 
     </span>
     <span class='ocr_line' id='line_1_5' title="bbox 232 658 1619 718; baseline -0.002 -14"><span class='ocrx_word' id='word_1_17' title='bbox 232 660 498 718; x_wconf 88' lang='lat' dir='ltr'>Epicteti</span> <span class='ocrx_word' id='word_1_18' title='bbox 524 660 714 704; x_wconf 82' lang='lat' dir='ltr'><strong>maxime</strong></span> <span class='ocrx_word' id='word_1_19' title='bbox 754 670 800 705; x_wconf 92' lang='lat' dir='ltr'>et</span> <span class='ocrx_word' id='word_1_20' title='bbox 842 659 1162 712; x_wconf 87' lang='lat' dir='ltr'>Antonini,</span> <span class='ocrx_word' id='word_1_21' title='bbox 1194 658 1410 703; x_wconf 85' lang='lat' dir='ltr'>adhibitis</span> <span class='ocrx_word' id='word_1_22' title='bbox 1440 659 1619 704; x_wconf 84' lang='lat' dir='ltr'>Gata-</span> 
     </span>
     <span class='ocr_line' id='line_1_6' title="bbox 235 731 1624 791; baseline -0.001 -14"><span class='ocrx_word' id='word_1_23' title='bbox 235 733 366 777; x_wconf 88' lang='lat' dir='ltr'>keri</span> <span class='ocrx_word' id='word_1_24' title='bbox 413 734 744 776; x_wconf 89' lang='lat' dir='ltr'>commentariis</span> <span class='ocrx_word' id='word_1_25' title='bbox 762 766 774 787; x_wconf 94' lang='lat'><strong><em>‚</em></strong></span> <span class='ocrx_word' id='word_1_26' title='bbox 830 732 1016 776; x_wconf 85' lang='lat' dir='ltr'>fuerunt</span> <span class='ocrx_word' id='word_1_27' title='bbox 1054 731 1366 789; x_wconf 80' lang='lat' dir='ltr'><strong>illustrandae.</strong></span> <span class='ocrx_word' id='word_1_28' title='bbox 1436 735 1490 776; x_wconf 89' lang='lat' dir='ltr'>In</span> <span class='ocrx_word' id='word_1_29' title='bbox 1533 749 1624 791; x_wconf 91' lang='lat' dir='ltr'>quo</span> 
     </span>
     <span class='ocr_line' id='line_1_7' title="bbox 233 795 1625 868; baseline 0 -16"><span class='ocrx_word' id='word_1_30' title='bbox 233 795 368 868; x_wconf 80' lang='lat' dir='ltr'>saepe</span> <span class='ocrx_word' id='word_1_31' title='bbox 399 808 566 863; x_wconf 88' lang='lat' dir='ltr'>fiebat,</span> <span class='ocrx_word' id='word_1_32' title='bbox 598 820 647 852; x_wconf 87' lang='lat' dir='ltr'>ut</span> <span class='ocrx_word' id='word_1_33' title='bbox 688 807 866 853; x_wconf 85' lang='lat' dir='ltr'>easdem</span> <span class='ocrx_word' id='word_1_34' title='bbox 907 809 1153 853; x_wconf 86' lang='lat' dir='ltr'>sententias</span> <span class='ocrx_word' id='word_1_35' title='bbox 1182 818 1227 852; x_wconf 87' lang='lat' dir='ltr'>et</span> <span class='ocrx_word' id='word_1_36' title='bbox 1263 807 1625 865; x_wconf 75' lang='lat' dir='ltr'>comparationes</span> 
     </span>
    </p>
   </div>
   <div class='ocr_carea' id='block_1_3' title="bbox 234 881 1622 1017">
    <p class='ocr_par' dir='ltr' id='par_1_4' title="bbox 234 881 1622 1017">
     <span class='ocr_line' id='line_1_8' title="bbox 234 881 1622 944; baseline -0.001 -15"><span class='ocrx_word' id='word_1_37' title='bbox 234 904 259 930; x_wconf 87' lang='lat' dir='ltr'>a</span> <span class='ocrx_word' id='word_1_38' title='bbox 283 884 495 943; x_wconf 79' lang='lat' dir='ltr'>pluribus</span> <span class='ocrx_word' id='word_1_39' title='bbox 520 895 754 944; x_wconf 87' lang='lat' dir='ltr'>usurpatas</span> <span class='ocrx_word' id='word_1_40' title='bbox 779 882 1076 930; x_wconf 84' lang='lat' dir='ltr'>offenderem.</span> <span class='ocrx_word' id='word_1_41' title='bbox 1137 885 1301 943; x_wconf 81' lang='lat' dir='ltr'><strong>Neque</strong></span> <span class='ocrx_word' id='word_1_42' title='bbox 1333 895 1483 926; x_wconf 87' lang='lat' dir='ltr'>tamen</span> <span class='ocrx_word' id='word_1_43' title='bbox 1516 881 1622 928; x_wconf 90' lang='lat' dir='ltr'>ideo</span> 
     </span>
     <span class='ocr_line' id='line_1_9' title="bbox 235 954 1621 1017; baseline 0 -15"><span class='ocrx_word' id='word_1_44' title='bbox 235 956 588 1002; x_wconf 71' lang='lat' dir='ltr'>existimandum</span> <span class='ocrx_word' id='word_1_45' title='bbox 625 954 839 1009; x_wconf 82' lang='lat' dir='ltr'>videtur,</span> <span class='ocrx_word' id='word_1_46' title='bbox 872 957 982 1000; x_wconf 87' lang='lat' dir='ltr'>haec</span> <span class='ocrx_word' id='word_1_47' title='bbox 1015 958 1123 1001; x_wconf 87' lang='lat' dir='ltr'>alios</span> <span class='ocrx_word' id='word_1_48' title='bbox 1156 960 1212 1001; x_wconf 88' lang='lat' dir='ltr'>ab</span> <span class='ocrx_word' id='word_1_49' title='bbox 1249 958 1344 1017; x_wconf 90' lang='lat' dir='ltr'>aliis</span> <span class='ocrx_word' id='word_1_50' title='bbox 1391 974 1484 1002; x_wconf 89' lang='lat' dir='ltr'>esse</span> <span class='ocrx_word' id='word_1_51' title='bbox 1513 976 1621 1002; x_wconf 92' lang='lat' dir='ltr'>mu-</span> 
     </span>
    </p>
   </div>
   <div class='ocr_carea' id='block_1_4' title="bbox 234 1031 1633 1919">
    <p class='ocr_par' dir='ltr' id='par_1_5' title="bbox 234 1031 1625 1320">
     <span class='ocr_line' id='line_1_10' title="bbox 235 1031 1622 1083; baseline 0.003 -11"><span class='ocrx_word' id='word_1_52' title='bbox 235 1041 403 1074; x_wconf 73' lang='lat' dir='ltr'>matos,</span> <span class='ocrx_word' id='word_1_53' title='bbox 462 1031 559 1074; x_wconf 89' lang='lat' dir='ltr'>Imo</span> <span class='ocrx_word' id='word_1_54' title='bbox 590 1031 843 1074; x_wconf 90' lang='lat' dir='ltr'>necessario</span> <span class='ocrx_word' id='word_1_55' title='bbox 875 1032 938 1074; x_wconf 89' lang='lat' dir='ltr'>sic</span> <span class='ocrx_word' id='word_1_56' title='bbox 978 1031 1079 1074; x_wconf 87' lang='lat' dir='ltr'>fieri</span> <span class='ocrx_word' id='word_1_57' title='bbox 1113 1032 1304 1083; x_wconf 82' lang='lat' dir='ltr'><strong>debuit,</strong></span> <span class='ocrx_word' id='word_1_58' title='bbox 1336 1041 1387 1072; x_wconf 89' lang='lat' dir='ltr'>ut</span> <span class='ocrx_word' id='word_1_59' title='bbox 1415 1031 1622 1077; x_wconf 85' lang='lat' dir='ltr'>homines</span> 
     </span>
     <span class='ocr_line' id='line_1_11' title="bbox 234 1104 1625 1165; baseline -0.002 -12"><span class='ocrx_word' id='word_1_60' title='bbox 234 1109 524 1163; x_wconf 78' lang='lat' dir='ltr'>ingeniorum</span> <span class='ocrx_word' id='word_1_61' title='bbox 552 1104 850 1150; x_wconf 77' lang='lat' dir='ltr'>similitudine</span> <span class='ocrx_word' id='word_1_62' title='bbox 875 1106 933 1148; x_wconf 87' lang='lat' dir='ltr'>ad</span> <span class='ocrx_word' id='word_1_63' title='bbox 951 1106 1158 1163; x_wconf 87' lang='lat' dir='ltr'>ejusdem</span> <span class='ocrx_word' id='word_1_64' title='bbox 1184 1104 1501 1165; x_wconf 88' lang='lat' dir='ltr'>philosophiae</span> <span class='ocrx_word' id='word_1_65' title='bbox 1521 1118 1625 1150; x_wconf 89' lang='lat' dir='ltr'>stu-</span> 
     </span>
     <span class='ocr_line' id='line_1_12' title="bbox 241 1181 1625 1242; baseline 0 -14"><span class='ocrx_word' id='word_1_66' title='bbox 241 1186 370 1229; x_wconf 89' lang='lat' dir='ltr'>dium</span> <span class='ocrx_word' id='word_1_67' title='bbox 420 1183 635 1234; x_wconf 83' lang='lat' dir='ltr'>adducti,</span> <span class='ocrx_word' id='word_1_68' title='bbox 681 1183 737 1225; x_wconf 91' lang='lat' dir='ltr'>ab</span> <span class='ocrx_word' id='word_1_69' title='bbox 776 1181 939 1225; x_wconf 89' lang='lat' dir='ltr'>iisdem</span> <span class='ocrx_word' id='word_1_70' title='bbox 987 1181 1256 1240; x_wconf 86' lang='lat' dir='ltr'>disputandi</span> <span class='ocrx_word' id='word_1_71' title='bbox 1299 1182 1625 1242; x_wconf 85' lang='lat' dir='ltr'>cogitandique</span> 
     </span>
     <span class='ocr_line' id='line_1_13' title="bbox 238 1257 1499 1320; baseline -0.001 -17"><span class='ocrx_word' id='word_1_72' title='bbox 238 1261 484 1320; x_wconf 87' lang='lat' dir='ltr'>principiis</span> <span class='ocrx_word' id='word_1_73' title='bbox 515 1259 741 1318; x_wconf 86' lang='lat' dir='ltr'>profecti,</span> <span class='ocrx_word' id='word_1_74' title='bbox 771 1260 821 1303; x_wconf 90' lang='lat' dir='ltr'>in</span> <span class='ocrx_word' id='word_1_75' title='bbox 850 1258 990 1303; x_wconf 90' lang='lat' dir='ltr'>multa</span> <span class='ocrx_word' id='word_1_76' title='bbox 1030 1257 1192 1301; x_wconf 87' lang='lat' dir='ltr'>similia</span> <span class='ocrx_word' id='word_1_77' title='bbox 1218 1257 1499 1302; x_wconf 87' lang='lat' dir='ltr'>inciderent.</span> 
     </span>
    </p>

    <p class='ocr_par' dir='ltr' id='par_1_6' title="bbox 234 1332 1633 1919">
     <span class='ocr_line' id='line_1_14' title="bbox 294 1332 1625 1391; baseline -0.002 -13"><span class='ocrx_word' id='word_1_78' title='bbox 294 1337 350 1378; x_wconf 90' lang='lat' dir='ltr'>In</span> <span class='ocrx_word' id='word_1_79' title='bbox 377 1336 634 1388; x_wconf 84' lang='lat' dir='ltr'>Mureti,</span> <span class='ocrx_word' id='word_1_80' title='bbox 676 1334 899 1391; x_wconf 85' lang='lat' dir='ltr'>Lipsii‚</span> <span class='ocrx_word' id='word_1_81' title='bbox 928 1332 1270 1391; x_wconf 84' lang='lat' dir='ltr'>Ruhkopfii</span> <span class='ocrx_word' id='word_1_82' title='bbox 1303 1334 1422 1375; x_wconf 88' lang='lat' dir='ltr'>notis</span> <span class='ocrx_word' id='word_1_83' title='bbox 1458 1349 1625 1376; x_wconf 83' lang='lat' dir='ltr'>excer-</span> 
     </span>
     <span class='ocr_line' id='line_1_15' title="bbox 234 1405 1627 1470; baseline -0.001 -17"><span class='ocrx_word' id='word_1_84' title='bbox 234 1410 404 1470; x_wconf 84' lang='lat' dir='ltr'>pendis</span> <span class='ocrx_word' id='word_1_85' title='bbox 430 1409 660 1454; x_wconf 83' lang='lat' dir='ltr'>delectum</span> <span class='ocrx_word' id='word_1_86' title='bbox 693 1408 914 1453; x_wconf 88' lang='lat' dir='ltr'>adhibere</span> <span class='ocrx_word' id='word_1_87' title='bbox 951 1405 1135 1462; x_wconf 78' lang='lat' dir='ltr'>studui3</span> <span class='ocrx_word' id='word_1_88' title='bbox 1169 1423 1304 1466; x_wconf 86' lang='lat' dir='ltr'>saepe</span> <span class='ocrx_word' id='word_1_89' title='bbox 1326 1406 1466 1451; x_wconf 86' lang='lat' dir='ltr'>verba</span> <span class='ocrx_word' id='word_1_90' title='bbox 1493 1408 1627 1468; x_wconf 86' lang='lat' dir='ltr'>ipso-</span> 
     </span>
     <span class='ocr_line' id='line_1_16' title="bbox 238 1481 1629 1544; baseline -0.001 -17"><span class='ocrx_word' id='word_1_91' title='bbox 238 1501 342 1527; x_wconf 91' lang='lat' dir='ltr'>rum</span> <span class='ocrx_word' id='word_1_92' title='bbox 378 1484 554 1540; x_wconf 87' lang='lat' dir='ltr'>integra</span> <span class='ocrx_word' id='word_1_93' title='bbox 601 1483 738 1535; x_wconf 90' lang='lat' dir='ltr'>dedi,</span> <span class='ocrx_word' id='word_1_94' title='bbox 770 1484 876 1544; x_wconf 85' lang='lat' dir='ltr'>quia</span> <span class='ocrx_word' id='word_1_95' title='bbox 906 1481 1062 1541; x_wconf 86' lang='lat' dir='ltr'>pusilli</span> <span class='ocrx_word' id='word_1_96' title='bbox 1094 1483 1233 1527; x_wconf 87' lang='lat' dir='ltr'>animi</span> <span class='ocrx_word' id='word_1_97' title='bbox 1263 1482 1518 1536; x_wconf 87' lang='lat' dir='ltr'>ducebam,</span> <span class='ocrx_word' id='word_1_98' title='bbox 1548 1483 1629 1539; x_wconf 87' lang='lat' dir='ltr'>iis,</span> 
     </span>
     <span class='ocr_line' id='line_1_17' title="bbox 246 1555 1630 1619; baseline 0.002 -20"><span class='ocrx_word' id='word_1_99' title='bbox 246 1574 361 1617; x_wconf 86' lang='lat' dir='ltr'>quae</span> <span class='ocrx_word' id='word_1_100' title='bbox 384 1556 454 1600; x_wconf 89' lang='lat' dir='ltr'>illi</span> <span class='ocrx_word' id='word_1_101' title='bbox 477 1559 594 1602; x_wconf 86' lang='lat' dir='ltr'>bene</span> <span class='ocrx_word' id='word_1_102' title='bbox 626 1559 851 1619; x_wconf 84' lang='lat' dir='ltr'>docteque</span> <span class='ocrx_word' id='word_1_103' title='bbox 883 1555 1208 1619; x_wconf 85' lang='lat' dir='ltr'>explicuissent</span> <span class='ocrx_word' id='word_1_104' title='bbox 1228 1589 1241 1612; x_wconf 90' lang='lat'>,</span> <span class='ocrx_word' id='word_1_105' title='bbox 1270 1557 1431 1601; x_wconf 80' lang='lat' dir='ltr'>leviter</span> <span class='ocrx_word' id='word_1_106' title='bbox 1456 1559 1630 1602; x_wconf 87' lang='lat' dir='ltr'>immu-</span> 
     </span>
     <span class='ocr_line' id='line_1_18' title="bbox 241 1632 1632 1692; baseline 0.001 -14"><span class='ocrx_word' id='word_1_107' title='bbox 241 1633 393 1678; x_wconf 87' lang='lat' dir='ltr'>tandis</span> <span class='ocrx_word' id='word_1_108' title='bbox 443 1634 654 1679; x_wconf 83' lang='lat' dir='ltr'>novitatis</span> <span class='ocrx_word' id='word_1_109' title='bbox 707 1634 905 1679; x_wconf 89' lang='lat' dir='ltr'>colorem</span> <span class='ocrx_word' id='word_1_110' title='bbox 952 1632 1180 1676; x_wconf 80' lang='lat' dir='ltr'>affectare.</span> <span class='ocrx_word' id='word_1_111' title='bbox 1253 1632 1632 1692; x_wconf 86' lang='lat' dir='ltr'>Quotiescunque</span> 
     </span>
     <span class='ocr_line' id='line_1_19' title="bbox 243 1706 1633 1768; baseline 0.001 -16"><span class='ocrx_word' id='word_1_112' title='bbox 243 1721 395 1752; x_wconf 86' lang='lat' dir='ltr'>autem</span> <span class='ocrx_word' id='word_1_113' title='bbox 428 1708 604 1768; x_wconf 89' lang='lat' dir='ltr'>aliquid</span> <span class='ocrx_word' id='word_1_114' title='bbox 652 1726 707 1754; x_wconf 86' lang='lat' dir='ltr'>ex</span> <span class='ocrx_word' id='word_1_115' title='bbox 753 1725 912 1753; x_wconf 89' lang='lat' dir='ltr'>eorum</span> <span class='ocrx_word' id='word_1_116' title='bbox 955 1723 1080 1766; x_wconf 87' lang='lat' dir='ltr'>penu</span> <span class='ocrx_word' id='word_1_117' title='bbox 1129 1706 1362 1765; x_wconf 87' lang='lat' dir='ltr'>depromsi</span> <span class='ocrx_word' id='word_1_118' title='bbox 1383 1740 1396 1764; x_wconf 92' lang='lat'><strong>,</strong></span> <span class='ocrx_word' id='word_1_119' title='bbox 1447 1711 1633 1755; x_wconf 82' lang='lat' dir='ltr'>nomina</span> 
     </span>
     <span class='ocr_line' id='line_1_20' title="bbox 243 1782 1632 1846; baseline 0.001 -17"><span class='ocrx_word' id='word_1_120' title='bbox 243 1784 629 1838; x_wconf 82' lang='lat' dir='ltr'>commemoravi,</span> <span class='ocrx_word' id='word_1_121' title='bbox 681 1799 949 1841; x_wconf 87' lang='lat' dir='ltr'>magnorum</span> <span class='ocrx_word' id='word_1_122' title='bbox 985 1783 1202 1828; x_wconf 89' lang='lat' dir='ltr'>Virorum</span> <span class='ocrx_word' id='word_1_123' title='bbox 1239 1782 1381 1827; x_wconf 79' lang='lat' dir='ltr'>famae</span> <span class='ocrx_word' id='word_1_124' title='bbox 1417 1786 1632 1846; x_wconf 84' lang='lat' dir='ltr'>improbo</span> 
     </span>
     <span class='ocr_line' id='line_1_21' title="bbox 239 1856 1632 1919; baseline 0.004 -19"><span class='ocrx_word' id='word_1_125' title='bbox 239 1858 395 1900; x_wconf 87' lang='lat' dir='ltr'>labore</span> <span class='ocrx_word' id='word_1_126' title='bbox 422 1867 574 1914; x_wconf 87' lang='lat' dir='ltr'>partae</span> <span class='ocrx_word' id='word_1_127' title='bbox 603 1856 650 1901; x_wconf 86' lang='lat' dir='ltr'>id</span> <span class='ocrx_word' id='word_1_128' title='bbox 690 1873 762 1900; x_wconf 91' lang='lat' dir='ltr'>me</span> <span class='ocrx_word' id='word_1_129' title='bbox 799 1857 971 1901; x_wconf 88' lang='lat' dir='ltr'>debere</span> <span class='ocrx_word' id='word_1_130' title='bbox 1014 1869 1167 1910; x_wconf 87' lang='lat' dir='ltr'>ratus,</span> <span class='ocrx_word' id='word_1_131' title='bbox 1201 1859 1325 1917; x_wconf 91' lang='lat' dir='ltr'>quod</span> <span class='ocrx_word' id='word_1_132' title='bbox 1357 1860 1632 1919; x_wconf 88' lang='lat' dir='ltr'>Ruhkop-</span> 
     </span>
    </p>
   </div>
   <div class='ocr_carea' id='block_1_5' title="bbox 244 1929 1634 2066">
    <p class='ocr_par' dir='ltr' id='par_1_7' title="bbox 244 1929 1634 2066">
     <span class='ocr_line' id='line_1_22' title="bbox 244 1929 1634 2066; baseline 0.004 -93"><span class='ocrx_word' id='word_1_133' title='bbox 244 1931 269 1974; x_wconf 84' lang='lat' dir='ltr'><strong>f</strong></span> <span class='ocrx_word' id='word_1_134' title='bbox 273 1932 357 1973; x_wconf 89' lang='lat' dir='ltr'>ius</span> <span class='ocrx_word' id='word_1_135' title='bbox 390 1931 565 1993; x_wconf 85' lang='lat' dir='ltr'>saepius</span> <span class='ocrx_word' id='word_1_136' title='bbox 585 1931 734 1973; x_wconf 89' lang='lat' dir='ltr'>omisit</span> <span class='ocrx_word' id='word_1_137' title='bbox 753 1933 810 1974; x_wconf 93' lang='lat' dir='ltr'>ob</span> <span class='ocrx_word' id='word_1_138' title='bbox 831 1929 1448 2066; x_wconf 45' lang='lat' dir='ltr'>concinniorethcor</span> <span class='ocrx_word' id='word_1_139' title='bbox 1463 1966 1475 1988; x_wconf 92' lang='lat'><strong>,</strong></span> <span class='ocrx_word' id='word_1_140' title='bbox 1496 1952 1634 1993; x_wconf 86' lang='lat' dir='ltr'>quam.</span> 
     </span>
    </p>
   </div>
   <div class='ocr_carea' id='block_1_6' title="bbox 242 2004 1634 2596">
    <p class='ocr_par' dir='ltr' id='par_1_8' title="bbox 242 2004 1634 2596">
     <span class='ocr_line' id='line_1_23' title="bbox 243 2004 1628 2065; baseline 0.003 -16"><span class='ocrx_word' id='word_1_141' title='bbox 243 2006 414 2049; x_wconf 87' lang='lat' dir='ltr'>inierat</span> <span class='ocrx_word' id='word_1_142' title='bbox 440 2037 454 2061; x_wconf 89' lang='lat'>,</span> <span class='ocrx_word' id='word_1_143' title='bbox 487 2004 737 2049; x_wconf 90' lang='lat' dir='ltr'>annotandi</span> <span class='ocrx_word' id='word_1_144' title='bbox 780 2005 1018 2048; x_wconf 82' lang='lat' dir='ltr'>rationem·</span> <span class='ocrx_word' id='word_1_145' title='bbox 1077 2006 1235 2065; x_wconf 84' lang='lat' dir='ltr'>Neque</span> <span class='ocrx_word' id='word_1_146' title='bbox 1259 2009 1329 2051; x_wconf 88' lang='lat' dir='ltr'>en&#39;</span> <span class='ocrx_word' id='word_1_147' title='bbox 1405 2025 1532 2053; x_wconf 88' lang='lat' dir='ltr'>nunc</span> <span class='ocrx_word' id='word_1_148' title='bbox 1562 2009 1628 2053; x_wconf 88' lang='lat' dir='ltr'>il-</span> 
     </span>
     <span class='ocr_line' id='line_1_24' title="bbox 244 2073 1629 2144; baseline 0.003 -18"><span class='ocrx_word' id='word_1_149' title='bbox 244 2082 342 2126; x_wconf 90' lang='lat' dir='ltr'>lum</span> <span class='ocrx_word' id='word_1_150' title='bbox 372 2082 671 2141; x_wconf 85' lang='lat' dir='ltr'>vituperabo3</span> <span class='ocrx_word' id='word_1_151' title='bbox 707 2082 765 2126; x_wconf 92' lang='lat' dir='ltr'>de</span> <span class='ocrx_word' id='word_1_152' title='bbox 788 2097 860 2125; x_wconf 89' lang='lat' dir='ltr'>me</span> <span class='ocrx_word' id='word_1_153' title='bbox 903 2082 1054 2144; x_wconf 88' lang='lat' dir='ltr'>potius</span> <span class='ocrx_word' id='word_1_154' title='bbox 1088 2080 1204 2124; x_wconf 90' lang='lat' dir='ltr'>illud</span> <span class='ocrx_word' id='word_1_155' title='bbox 1237 2084 1286 2126; x_wconf 88' lang='lat' dir='ltr'>in</span> <span class='ocrx_word' id='word_1_156' title='bbox 1320 2073 1517 2130; x_wconf 66' lang='lat' dir='ltr'>mentem</span> <span class='ocrx_word' id='word_1_157' title='bbox 1545 2103 1629 2130; x_wconf 89' lang='lat' dir='ltr'>re-</span> 
     </span>
     <span class='ocr_line' id='line_1_25' title="bbox 242 2156 1630 2218; baseline 0.001 -14"><span class='ocrx_word' id='word_1_158' title='bbox 242 2160 417 2206; x_wconf 88' lang='lat' dir='ltr'>vocabo</span> <span class='ocrx_word' id='word_1_159' title='bbox 442 2159 716 2214; x_wconf 78' lang='lat' dir='ltr'>lectoribuS,</span> <span class='ocrx_word' id='word_1_160' title='bbox 749 2156 873 2218; x_wconf 89' lang='lat' dir='ltr'>quod</span> <span class='ocrx_word' id='word_1_161' title='bbox 897 2157 1082 2217; x_wconf 89' lang='lat' dir='ltr'>scripsit</span> <span class='ocrx_word' id='word_1_162' title='bbox 1100 2157 1297 2217; x_wconf 82' lang='lat' dir='ltr'>Wytte</span> <span class='ocrx_word' id='word_1_163' title='bbox 1314 2161 1599 2206; x_wconf 87' lang='lat' dir='ltr'>nbachius</span> <span class='ocrx_word' id='word_1_164' title='bbox 1615 2183 1630 2210; x_wconf 63' lang='grc' dir='ltr'>ι</span> 
     </span>
     <span class='ocr_line' id='line_1_26' title="bbox 246 2233 1631 2295; baseline -0.002 -12"><span class='ocrx_word' id='word_1_165' title='bbox 246 2256 269 2284; x_wconf 89' lang='lat'>«</span> <span class='ocrx_word' id='word_1_166' title='bbox 292 2238 341 2280; x_wconf 88' lang='lat' dir='ltr'>in</span> <span class='ocrx_word' id='word_1_167' title='bbox 371 2237 501 2295; x_wconf 87' lang='lat' dir='ltr'>parvi</span> <span class='ocrx_word' id='word_1_168' title='bbox 526 2235 675 2281; x_wconf 90' lang='lat' dir='ltr'>libelli</span> <span class='ocrx_word' id='word_1_169' title='bbox 712 2233 914 2295; x_wconf 88' lang='lat' dir='ltr'>quamvis</span> <span class='ocrx_word' id='word_1_170' title='bbox 959 2233 1142 2292; x_wconf 89' lang='lat' dir='ltr'>copioso</span> <span class='ocrx_word' id='word_1_171' title='bbox 1168 2236 1490 2280; x_wconf 88' lang='lat' dir='ltr'>commentario</span> <span class='ocrx_word' id='word_1_172' title='bbox 1511 2252 1631 2280; x_wconf 89' lang='lat' dir='ltr'>con-</span> 
     </span>
     <span class='ocr_line' id='line_1_27' title="bbox 244 2307 1634 2368; baseline -0.001 -15"><span class='ocrx_word' id='word_1_173' title='bbox 244 2311 446 2356; x_wconf 85' lang='lat' dir='ltr'>ficiendo</span> <span class='ocrx_word' id='word_1_174' title='bbox 492 2326 588 2354; x_wconf 91' lang='lat' dir='ltr'>non</span> <span class='ocrx_word' id='word_1_175' title='bbox 621 2311 772 2353; x_wconf 85' lang='lat' dir='ltr'>omnia</span> <span class='ocrx_word' id='word_1_176' title='bbox 820 2327 845 2353; x_wconf 84' lang='lat' dir='ltr'>a</span> <span class='ocrx_word' id='word_1_177' title='bbox 881 2308 1012 2352; x_wconf 89' lang='lat' dir='ltr'>nobis</span> <span class='ocrx_word' id='word_1_178' title='bbox 1039 2307 1271 2351; x_wconf 82' lang='lat' dir='ltr'>exhauriri</span> <span class='ocrx_word' id='word_1_179' title='bbox 1305 2325 1464 2368; x_wconf 85' lang='lat' dir='ltr'>posse.</span> <span class='ocrx_word' id='word_1_180' title='bbox 1505 2312 1634 2358; x_wconf 72' lang='lat' dir='ltr'>mul-¹</span> 
     </span>
     <span class='ocr_line' id='line_1_28' title="bbox 245 2383 1632 2446; baseline 0.003 -18"><span class='ocrx_word' id='word_1_181' title='bbox 245 2397 381 2446; x_wconf 87' lang='lat' dir='ltr'>taque</span> <span class='ocrx_word' id='word_1_182' title='bbox 428 2399 630 2431; x_wconf 86' lang='lat' dir='ltr'>nostram</span> <span class='ocrx_word' id='word_1_183' title='bbox 674 2384 956 2442; x_wconf 83' lang='lat' dir='ltr'>diligentiam</span> <span class='ocrx_word' id='word_1_184' title='bbox 1005 2383 1224 2442; x_wconf 86' lang='lat' dir='ltr'>effugere,</span> <span class='ocrx_word' id='word_1_185' title='bbox 1266 2399 1381 2443; x_wconf 82' lang='lat' dir='ltr'>quae</span> <span class='ocrx_word' id='word_1_186' title='bbox 1431 2384 1490 2428; x_wconf 87' lang='lat' dir='ltr'>ad</span> <span class='ocrx_word' id='word_1_187' title='bbox 1534 2400 1632 2432; x_wconf 86' lang='lat' dir='ltr'>rem</span> 
     </span>
     <span class='ocr_line' id='line_1_29' title="bbox 243 2463 572 2524; baseline 0.009 -19"><span class='ocrx_word' id='word_1_188' title='bbox 243 2463 522 2524; x_wconf 81' lang='lat' dir='ltr'>pertineant.</span> <span class='ocrx_word' id='word_1_189' title='bbox 541 2463 572 2483; x_wconf 87' lang='lat'>’&#39;</span> 
     </span>
     <span class='ocr_line' id='line_1_30' title="bbox 308 2535 1138 2596; baseline -0.001 -14"><span class='ocrx_word' id='word_1_190' title='bbox 308 2537 482 2596; x_wconf 87' lang='lat' dir='ltr'>Scripsi</span> <span class='ocrx_word' id='word_1_191' title='bbox 508 2538 677 2584; x_wconf 84' lang='lat' dir='ltr'>Leidae</span> <span class='ocrx_word' id='word_1_192' title='bbox 696 2570 710 2592; x_wconf 90' lang='lat'>‚</span> <span class='ocrx_word' id='word_1_193' title='bbox 748 2535 821 2580; x_wconf 91' lang='lat' dir='ltr'>die</span> <span class='ocrx_word' id='word_1_194' title='bbox 852 2537 906 2581; x_wconf 84' lang='lat'>25</span> <span class='ocrx_word' id='word_1_195' title='bbox 933 2535 1138 2581; x_wconf 84' lang='lat' dir='ltr'>Januarii</span> 
     </span>
    </p>
   </div>
   <div class='ocr_carea' id='block_1_7' title="bbox 413 2615 978 2666">
    <p class='ocr_par' dir='ltr' id='par_1_9' title="bbox 413 2615 978 2666">
     <span class='ocr_line' id='line_1_31' title="bbox 413 2615 978 2666; baseline -0.007 -4"><span class='ocrx_word' id='word_1_196' title='bbox 413 2617 520 2662; x_wconf 78' lang='lat' dir='ltr'>anni</span> <span class='ocrx_word' id='word_1_197' title='bbox 545 2615 978 2666; x_wconf 80' lang='lat' dir='ltr'>MDCCCXXVIH.</span> 
     </span>
    </p>
   </div>
   <div class='ocr_carea' id='block_1_8' title="bbox 1105 2672 1129 2691">
    <p class='ocr_par' dir='ltr' id='par_1_10' title="bbox 1105 2672 1129 2691">
     <span class='ocr_line' id='line_1_32' title="bbox 1105 2672 1129 2691; baseline 0 0"><span class='ocrx_word' id='word_1_198' title='bbox 1105 2672 1129 2691; x_wconf 60' lang='lat' dir='ltr'>J·</span> 
     </span>
    </p>
   </div>
  </div>
 </body>
</html>
