2014 3354
741 283 962 337 (31)

213 409 381 452 tatibus
421 407 595 457 fluere3
648 405 792 462 cogita
839 404 1039 446 filiorum
1083 418 1165 448 nos
1208 402 1428 447 modestia
1468 404 1546 445 de-

214 483 401 535 lectari,
443 478 738 538 vernularum>
776 480 998 525 licentia:
1043 480 1144 525 illos
1175 479 1421 539 disciplina
1467 479 1548 522 tri-

214 561 342 604 stiori
369 557 621 609 contineri,
649 557 814 602 horum
841 557 899 601 ali
927 557 1171 603 audaciam.
1230 557 1360 601 [dem
1382 555 1468 599 tibi
1487 555 1550 599 de

212 639 309 681 Deo
333 636 534 695 liqueat!
566 637 737 679 bonum
767 636 917 679 virum
946 636 996 676 in
1031 634 1204 678 deliciis
1245 651 1340 678 non
1376 635 1544 679 habet:

212 697 479 773 experitur,
510 711 724 765 indurat,
757 710 846 753 sibi
873 708 1004 754 illum
1027 721 1293 768 praeparat.

273 791 334 835 ΙΙ.
364 811 388 838 «
413 788 568 849 Quare
578 787 723 837 multa
748 787 882 833 bonis
905 786 1013 833 viris
1036 785 1225 833 adversa
1244 785 1496 833 eveniunt?
1517 785 1550 806 ’'

216 868 285 914 At'
307 865 423 909 nihil
448 865 655 909 accidere
687 867 809 908 bono
832 866 930 909 viro
957 863 1065 908 mali
1093 874 1259 923 potest.
1314 856 1553 907 Non'mis-

220 954 383 987 centur
411 943 656 983 contraria.
701 941 1101 997 Quemadmodum
1125 951 1195 984 tot
1220 956 1403 991 amneS,
1438 951 1551 983 tan-

218 1027 321 1060 tum
349 1029 553 1073 superne
581 1013 866 1069 dejectorum
899 1014 1117 1059 imbrium
1136 1045 1151 1069 ‚
1182 1024 1306 1060 tanta
1340 1015 1557 1061 medica·

220 1104 371 1134 torum
414 1091 478 1133 vis
530 1089 749 1140 fontium,
792 1106 887 1133 non
926 1102 1105 1133 mutant
1142 1105 1353 1147 saporem
1391 1090 1559 1143 maris,

220 1168 579 1220 neci-emittunt
610 1165 825 1224 quidem:
859 1168 910 1210 in
935 1166 1226 1212 adversarum
1255 1167 1450 1229 impetus
1475 1181 1563 1211 re·—

222 1260 328 1289 rum
358 1244 444 1285 viri
471 1242 599 1284 fortis
626 1239 720 1285 non
747 1243 884 1297 vertit
904 1244 1118 1286 animum.
1180 1243 1340 1287 Manet
1364 1244 1411 1286 in
1437 1251 1559 1285 statu

220 1332 266 1365 et
311 1317 543 1378 quidquid
582 1319 760 1373 evenit,
789 1320 842 1363 in
868 1336 1000 1365 suum
1029 1320 1228 1366 colorem
1256 1320 1414 1369 trahit.
1473 1317 1559 1362 Est

1437 1409 1563 1438 emm

207 1521 404 1556 Modestia.
451 1520 535 1554 Arn.
559 1519 746 1552 molestia.

209 1577 469 1613 Vernularum.
511 1576 610 1613 Voss.
644 1577 956 1623 vet-aularumque
974 1604 985 1622 ,
1026 1575 1117 1622 quod
1156 1575 1370 1623 oppositioni
1409 1573 1563 1612 filiorum

169 1635 207 1672 b.
230 1635 256 1670 l.
280 1634 393 1667 minus
417 1632 578 1665 idoneum
601 1632 750 1667 videtur.

208 1692 435 1732 Audaciam.
482 1688 580 1725 Idem
604 1690 778 1725 audacia.

685 1747 713 1783 C
737 1750 765 1783 A
791 1748 818 1783 P
844 1748 876 1783 U
899 1748 928 1783 T
983 1747 1040 1785 11.

216 1810 272 1845 At
297 1809 408 1846 nihil.
455 1808 511 1842 At
529 1819 595 1843 non
625 1807 756 1843 habent
782 1809 967 1844 editiones:
1004 1819 1082 1844 eum
1109 1815 1223 1843 autem
1248 1807 1284 1841 in
1304 1806 1407 1841 Voss.
1437 1805 1571 1851 legatur

173 1880 211 1909 et
237 1870 360 1914 nihil,
384 1879 511 1911 eaeque
535 1868 725 1913 particulae
749 1868 911 1902 confundi
932 1867 1090 1915 soleant,
1114 1878 1152 1905 et
1175 1871 1210 1904 in
1236 1877 1279 1904 at
1303 1865 1457 1907 mutavi,
1480 1864 1572 1910 quod

169 1929 271 1974 hujus
302 1924 537 1975 responsionis
573 1925 676 1959 initio
712 1924 796 1961 bene
830 1923 1012 1958 convenire
1045 1928 1200 1970 videtur,
1238 1929 1274 1964 in
1298 1926 1388 1961 hune
1415 1935 1573 1959 sensum:

168 1989 254 2024 licet
287 1986 429 2022 adversa
467 1982 575 2017 multa
608 1983 707 2017 bonis
740 1984 823 2017 viris
853 1984 1032 2033 eveniant,
1061 1995 1256 2029 attamen,
1293 1993 1337 2019 at
1366 1991 1464 2018 certe
1488 1982 1574 2017 mali

170 2045 264 2083 nihil
282 2046 327 2080 iis
346 2049 461 2091 potest
480 2041 647 2077 accidere.

218 2106 383 2140 Tantum
406 2115 488 2149 sup.
512 2103 584 2147 dej.
609 2101 793 2138 imbrium.
840 2101 925 2137 Esse
945 2102 1044 2141 codd.
1063 2104 1099 2138 in
1120 2104 1244 2151 quibus
1264 2104 1396 2150 legatur
1413 2110 1472 2138 tot
1502 2115 1569 2138 su-

168 2178 311 2213 pernae
346 2165 568 2209 dejectiones
609 2162 780 2197 imbrium
814 2160 911 2201 Pinc.
944 2162 1008 2201 ait.
1053 2164 1122 2200 Pro
1153 2171 1304 2201 tantum
1337 2164 1439 2201 Fabr.
1467 2162 1571 2198 habet

169 2231 374 2260 tantorum.

220 2284 510 2323 Medieatorufm.
555 2280 630 2316 Hoc
651 2280 824 2317 Gruterus
836 2310 846 2329 ,
869 2294 948 2317 cum
967 2289 1067 2318 antea
1085 2282 1259 2329 legeretur
1274 2284 1573 2318 Mediterranea·
1593 2274 1596 2277 “

174 2354 257 2375 rum.
273 2370 283 2386 ‚
308 2353 325 2375 e
346 2341 448 2376 libris
480 2339 628 2374 asseruit
643 2366 654 2384 ‚
678 2346 717 2373 ut
738 2349 856 2375 monet
885 2341 1034 2387 Lipsius,
1079 2344 1351 2376 Meditatorum
1375 2349 1436 2375 aut
1453 2344 1571 2376 medi-

173 2406 345 2435 catorum
377 2398 483 2434 habet
504 2398 610 2432 etiam
634 2396 756 2444 voss„
786 2398 896 2435 altera
915 2399 1062 2436 lectione
1093 2401 1331 2438 mediterran.
1364 2401 1400 2436 in
1421 2402 1575 2448 margine

174 2459 359 2503 adscripta.

218 2519 298 2552 Nec
320 2529 406 2551 rem.
430 2517 590 2562 quidem.
625 2514 690 2549 Pro
720 2529 786 2552 nec
799 2517 906 2556 Fabr.
929 2518 1037 2554 habet
1054 2532 1114 2556 ne.
1148 2518 1247 2555 voss.
1268 2526 1383 2555 autem
1403 2526 1438 2555 et
1455 2531 1572 2557 omnes

178 2575 347 2610 editiones
366 2573 453 2609 illud
486 2576 709 2621 praeferunt:
751 2575 869 2622 itaque
894 2578 1113 2614 retinendum
1136 2578 1252 2613 censui
1271 2588 1310 2615 ut
1335 2589 1444 2615 aetate
1464 2580 1577 2615 Sene-

175 2646 234 2667 cae
260 2639 461 2678 usurpatum
477 2661 487 2677 ‚
511 2634 600 2677 apud
627 2647 729 2680 quem
753 2648 854 2683 saepe
873 2639 1066 2683 repetitur:
1092 2650 1298 2685 quamquam
1324 2652 1425 2675 aureo
1457 2641 1573 2677 seculo

180 2703 249 2727 non
276 2691 446 2737 valuerit,
473 2692 615 2739 ideoque
638 2694 750 2737 judice
774 2694 1042 2734 Ruhnkenio
1077 2701 1215 2744 opusc,
1232 2713 1272 2746 p.
1299 2701 1371 2746 742.
1396 2699 1573 2738 vitandum

179 2750 226 2792 sit
254 2749 357 2785 hodie
378 2751 500 2789 Latine
523 2751 765 2795 scribentibus.
