<?xml version="1.0" encoding="UTF-8"?>
<!DOCTYPE html PUBLIC "-//W3C//DTD XHTML 1.0 Transitional//EN"
    "http://www.w3.org/TR/xhtml1/DTD/xhtml1-transitional.dtd">
<html xmlns="http://www.w3.org/1999/xhtml" xml:lang="en" lang="en">
 <head>
  <title>
</title>
<meta http-equiv="Content-Type" content="text/html;charset=utf-8" />
  <meta name='ocr-system' content='tesseract 3.04.00' />
  <meta name='ocr-capabilities' content='ocr_page ocr_carea ocr_par ocr_line ocrx_word'/>
</head>
<body>
  <div class='ocr_page' id='page_1' title='image "4738100_0035.png"; bbox 0 0 2014 3354; ppageno 0'>
   <div class='ocr_carea' id='block_1_1' title="bbox 255 275 1575 464">
    <p class='ocr_par' dir='ltr' id='par_1_1' title="bbox 255 275 1575 464">
     <span class='ocr_line' id='line_1_1' title="bbox 776 275 998 340; baseline -0.005 0"><span class='ocrx_word' id='word_1_1' title='bbox 776 281 807 340; x_wconf 55' lang='lat'><strong>²(</strong></span> <span class='ocrx_word' id='word_1_2' title='bbox 866 280 920 328; x_wconf 75' lang='lat'><strong>2¹5</strong></span> <span class='ocrx_word' id='word_1_3' title='bbox 979 275 998 339; x_wconf 77' lang='lat' dir='ltr'><strong>l</strong></span> 
     </span>
     <span class='ocr_line' id='line_1_2' title="bbox 255 384 1575 464; baseline -0.006 -8"><span class='ocrx_word' id='word_1_4' title='bbox 255 412 301 457; x_wconf 81' lang='lat'><strong>3.</strong></span> <span class='ocrx_word' id='word_1_5' title='bbox 330 386 526 454; x_wconf 67' lang='lat' dir='ltr'><strong>Flores*</strong></span> <span class='ocrx_word' id='word_1_6' title='bbox 553 420 579 448; x_wconf 88' lang='lat' dir='ltr'><strong>e</strong></span> <span class='ocrx_word' id='word_1_7' title='bbox 596 401 718 448; x_wconf 86' lang='lat' dir='ltr'><strong>libro</strong></span> <span class='ocrx_word' id='word_1_8' title='bbox 741 403 800 449; x_wconf 82' lang='lat' dir='ltr'><strong>de</strong></span> <span class='ocrx_word' id='word_1_9' title='bbox 827 402 1045 449; x_wconf 80' lang='lat' dir='ltr'><strong>Moribus</strong></span> <span class='ocrx_word' id='word_1_10' title='bbox 1073 413 1120 449; x_wconf 88' lang='lat' dir='ltr'><strong>et</strong></span> <span class='ocrx_word' id='word_1_11' title='bbox 1149 402 1211 447; x_wconf 91' lang='lat' dir='ltr'><strong>de</strong></span> <span class='ocrx_word' id='word_1_12' title='bbox 1233 384 1427 464; x_wconf 80' lang='lat' dir='ltr'><strong>quatuor</strong></span> <span class='ocrx_word' id='word_1_13' title='bbox 1451 401 1497 448; x_wconf 83' lang='lat' dir='ltr'><em>V</em></span> <span class='ocrx_word' id='word_1_14' title='bbox 1500 401 1575 448; x_wconf 70' lang='lat' dir='ltr'><strong>[r-</strong></span> 
     </span>
    </p>
   </div>
   <div class='ocr_carea' id='block_1_2' title="bbox 194 482 1597 1149">
    <p class='ocr_par' dir='ltr' id='par_1_2' title="bbox 194 482 760 532">
     <span class='ocr_line' id='line_1_3' title="bbox 194 482 760 532; baseline -0.009 -1"><span class='ocrx_word' id='word_1_15' title='bbox 194 485 383 532; x_wconf 70' lang='lat' dir='ltr'><strong>tutibus</strong></span> <span class='ocrx_word' id='word_1_16' title='bbox 414 482 760 528; x_wconf 67' lang='lat' dir='ltr'><strong>cardinalibus.</strong></span> 
     </span>
    </p>

    <p class='ocr_par' dir='ltr' id='par_1_3' title="bbox 197 554 1597 1149">
     <span class='ocr_line' id='line_1_4' title="bbox 254 554 1597 619; baseline -0.006 -13"><span class='ocrx_word' id='word_1_17' title='bbox 254 559 336 607; x_wconf 90' lang='lat' dir='ltr'><strong>His</strong></span> <span class='ocrx_word' id='word_1_18' title='bbox 371 555 619 604; x_wconf 83' lang='lat' dir='ltr'><strong>Codicibus</strong></span> <span class='ocrx_word' id='word_1_19' title='bbox 657 574 716 602; x_wconf 87' lang='lat' dir='ltr'><strong>an</strong></span> <span class='ocrx_word' id='word_1_20' title='bbox 751 556 998 619; x_wconf 81' lang='lat' dir='ltr'><strong>aliquando</strong></span> <span class='ocrx_word' id='word_1_21' title='bbox 1035 556 1140 603; x_wconf 86' lang='lat' dir='ltr'><strong>Viri</strong></span> <span class='ocrx_word' id='word_1_22' title='bbox 1178 557 1314 603; x_wconf 82' lang='lat' dir='ltr'><strong>Docti</strong></span> <span class='ocrx_word' id='word_1_23' title='bbox 1355 555 1425 600; x_wconf 88' lang='lat' dir='ltr'><strong>usi</strong></span> <span class='ocrx_word' id='word_1_24' title='bbox 1459 554 1597 609; x_wconf 67' lang='lat' dir='ltr'><strong>sint,⁴</strong></span> 
     </span>
     <span class='ocr_line' id='line_1_5' title="bbox 198 634 1582 695; baseline -0.004 -14"><span class='ocrx_word' id='word_1_25' title='bbox 198 638 335 682; x_wconf 85' lang='lat' dir='ltr'><strong>certis</strong></span> <span class='ocrx_word' id='word_1_26' title='bbox 376 637 571 694; x_wconf 80' lang='lat' dir='ltr'><strong>vestigiis</strong></span> <span class='ocrx_word' id='word_1_27' title='bbox 602 634 953 693; x_wconf 82' lang='lat' dir='ltr'><strong>deprehendere</strong></span> <span class='ocrx_word' id='word_1_28' title='bbox 997 649 1091 676; x_wconf 87' lang='lat' dir='ltr'><strong>non</strong></span> <span class='ocrx_word' id='word_1_29' title='bbox 1126 635 1271 695; x_wconf 85' lang='lat' dir='ltr'><strong>potui.</strong></span> <span class='ocrx_word' id='word_1_30' title='bbox 1333 634 1582 678; x_wconf 85' lang='lat' dir='ltr'><strong>Gronov.</strong></span> 
     </span>
     <span class='ocr_line' id='line_1_6' title="bbox 197 709 1582 773; baseline -0.002 -17"><span class='ocrx_word' id='word_1_31' title='bbox 197 712 388 773; x_wconf 87' lang='lat' dir='ltr'><strong>quidem</strong></span> <span class='ocrx_word' id='word_1_32' title='bbox 418 712 477 756; x_wconf 88' lang='lat' dir='ltr'><strong>ad</strong></span> <span class='ocrx_word' id='word_1_33' title='bbox 514 713 546 756; x_wconf 81' lang='lat' dir='ltr'><strong>l.</strong></span> <span class='ocrx_word' id='word_1_34' title='bbox 574 713 633 756; x_wconf 84' lang='lat' dir='ltr'><strong>de</strong></span> <span class='ocrx_word' id='word_1_35' title='bbox 663 711 869 756; x_wconf 84' lang='lat' dir='ltr'><strong>Provid.</strong></span> <span class='ocrx_word' id='word_1_36' title='bbox 907 726 948 753; x_wconf 85' lang='lat' dir='ltr'><strong>c·</strong></span> <span class='ocrx_word' id='word_1_37' title='bbox 976 712 1017 755; x_wconf 83' lang='lat'><strong>5.</strong></span> <span class='ocrx_word' id='word_1_38' title='bbox 1052 712 1078 767; x_wconf 83' lang='lat'>§</span> <span class='ocrx_word' id='word_1_39' title='bbox 1108 710 1152 755; x_wconf 91' lang='grc'><strong>8.</strong></span> <span class='ocrx_word' id='word_1_40' title='bbox 1183 729 1206 756; x_wconf 87' lang='grc'><strong>«</strong></span> <span class='ocrx_word' id='word_1_41' title='bbox 1229 710 1470 764; x_wconf 85' lang='lat' dir='ltr'><strong>Viderint,</strong></span> <span class='ocrx_word' id='word_1_42' title='bbox 1498 709 1582 753; x_wconf 88' lang='lat' dir='ltr'><strong>in-</strong></span> 
     </span>
     <span class='ocr_line' id='line_1_7' title="bbox 201 784 1584 850; baseline -0.004 -16"><span class='ocrx_word' id='word_1_43' title='bbox 201 790 331 850; x_wconf 88' lang='lat' dir='ltr'><strong>quit,</strong></span> <span class='ocrx_word' id='word_1_44' title='bbox 362 788 450 834; x_wconf 85' lang='lat' dir='ltr'><strong>hoe</strong></span> <span class='ocrx_word' id='word_1_45' title='bbox 479 787 553 833; x_wconf 77' lang='lat' dir='ltr'><strong>isti</strong></span> <span class='ocrx_word' id='word_1_46' title='bbox 574 787 608 808; x_wconf 90' lang='lat'><strong>&#39;’</strong></span> <span class='ocrx_word' id='word_1_47' title='bbox 638 785 815 831; x_wconf 90' lang='lat' dir='ltr'><strong>monuit</strong></span> <span class='ocrx_word' id='word_1_48' title='bbox 849 784 1124 829; x_wconf 89' lang='lat' dir='ltr'><strong>Pinciani</strong></span> <span class='ocrx_word' id='word_1_49' title='bbox 1162 784 1355 830; x_wconf 83' lang='lat' dir='ltr'><strong>Codices</strong></span> <span class='ocrx_word' id='word_1_50' title='bbox 1390 796 1437 830; x_wconf 87' lang='lat' dir='ltr'><strong>et</strong></span> <span class='ocrx_word' id='word_1_51' title='bbox 1461 802 1584 846; x_wconf 84' lang='lat' dir='ltr'><strong>qua-</strong></span> 
     </span>
     <span class='ocr_line' id='line_1_8' title="bbox 198 861 1588 922; baseline -0.003 -13"><span class='ocrx_word' id='word_1_52' title='bbox 198 877 302 909; x_wconf 83' lang='lat' dir='ltr'><strong>tuor</strong></span> <span class='ocrx_word' id='word_1_53' title='bbox 336 864 579 910; x_wconf 83' lang='lat' dir='ltr'><strong>Gruteri</strong></span> <span class='ocrx_word' id='word_1_54' title='bbox 623 873 670 907; x_wconf 82' lang='lat' dir='ltr'><strong>et</strong></span> <span class='ocrx_word' id='word_1_55' title='bbox 696 861 1036 908; x_wconf 78' lang='lat' dir='ltr'><strong>Bruxellensem</strong></span> <span class='ocrx_word' id='word_1_56' title='bbox 1065 863 1276 920; x_wconf 85' lang='lat' dir='ltr'><strong>ignorare</strong></span> <span class='ocrx_word' id='word_1_57' title='bbox 1296 874 1433 922; x_wconf 83' lang='lat' dir='ltr'><strong>pron.</strong></span> <span class='ocrx_word' id='word_1_58' title='bbox 1462 862 1588 919; x_wconf 58' lang='lat' dir='ltr'><strong>hoe,</strong></span> 
     </span>
     <span class='ocr_line' id='line_1_9' title="bbox 200 936 1585 999; baseline 0 -16"><span class='ocrx_word' id='word_1_59' title='bbox 200 939 327 999; x_wconf 84' lang='lat' dir='ltr'><strong>quod</strong></span> <span class='ocrx_word' id='word_1_60' title='bbox 357 940 509 995; x_wconf 79' lang='lat' dir='ltr'><strong>ipsum</strong></span> <span class='ocrx_word' id='word_1_61' title='bbox 528 949 576 981; x_wconf 88' lang='lat' dir='ltr'><strong>et</strong></span> <span class='ocrx_word' id='word_1_62' title='bbox 596 955 623 981; x_wconf 89' lang='lat' dir='ltr'><strong>a</strong></span> <span class='ocrx_word' id='word_1_63' title='bbox 649 937 829 981; x_wconf 78' lang='lat' dir='ltr'><strong>duobus</strong></span> <span class='ocrx_word' id='word_1_64' title='bbox 861 937 933 980; x_wconf 85' lang='lat' dir='ltr'><strong>his</strong></span> <span class='ocrx_word' id='word_1_65' title='bbox 958 936 1098 981; x_wconf 81' lang='lat' dir='ltr'><strong>codd.</strong></span> <span class='ocrx_word' id='word_1_66' title='bbox 1127 939 1282 993; x_wconf 71' lang='lat' dir='ltr'><strong>abestg</strong></span> <span class='ocrx_word' id='word_1_67' title='bbox 1316 937 1444 982; x_wconf 80' lang='lat' dir='ltr'><strong>unde</strong></span> <span class='ocrx_word' id='word_1_68' title='bbox 1465 953 1585 983; x_wconf 88' lang='lat' dir='ltr'><strong>con-</strong></span> 
     </span>
     <span class='ocr_line' id='line_1_10' title="bbox 199 1000 1585 1074; baseline 0.001 -15"><span class='ocrx_word' id='word_1_69' title='bbox 199 1015 345 1073; x_wconf 85' lang='lat' dir='ltr'><strong>jicere</strong></span> <span class='ocrx_word' id='word_1_70' title='bbox 385 1011 531 1074; x_wconf 83' lang='lat' dir='ltr'><strong>possis</strong></span> <span class='ocrx_word' id='word_1_71' title='bbox 559 1000 901 1057; x_wconf 80' lang='lat' dir='ltr'><strong>Fabricianum</strong></span> <span class='ocrx_word' id='word_1_72' title='bbox 910 1011 1042 1057; x_wconf 83' lang='lat' dir='ltr'><strong>illum</strong></span> <span class='ocrx_word' id='word_1_73' title='bbox 1072 1030 1098 1058; x_wconf 88' lang='lat' dir='ltr'><strong>a</strong></span> <span class='ocrx_word' id='word_1_74' title='bbox 1121 1013 1186 1057; x_wconf 88' lang='lat' dir='ltr'><strong>P1</strong></span> <span class='ocrx_word' id='word_1_75' title='bbox 1198 1014 1406 1060; x_wconf 85' lang='lat' dir='ltr'><strong>nciano</strong></span> <span class='ocrx_word' id='word_1_76' title='bbox 1437 1014 1585 1061; x_wconf 84' lang='lat' dir='ltr'><strong>colla-</strong></span> 
     </span>
     <span class='ocr_line' id='line_1_11' title="bbox 197 1082 1590 1149; baseline 0.001 -15"><span class='ocrx_word' id='word_1_77' title='bbox 197 1085 302 1135; x_wconf 81' lang='lat' dir='ltr'><strong>tum</strong></span> <span class='ocrx_word' id='word_1_78' title='bbox 331 1082 564 1143; x_wconf 72' lang='lat' dir='ltr'><strong>esse,cl.1i</strong></span> <span class='ocrx_word' id='word_1_79' title='bbox 595 1087 846 1149; x_wconf 85' lang='lat' dir='ltr'><strong>suspicioni</strong></span> <span class='ocrx_word' id='word_1_80' title='bbox 888 1087 1034 1139; x_wconf 82' lang='lat' dir='ltr'><strong>favet,</strong></span> <span class='ocrx_word' id='word_1_81' title='bbox 1079 1088 1205 1147; x_wconf 86' lang='lat' dir='ltr'><strong>quod</strong></span> <span class='ocrx_word' id='word_1_82' title='bbox 1236 1088 1370 1133; x_wconf 86' lang='lat' dir='ltr'><strong>initio</strong></span> <span class='ocrx_word' id='word_1_83' title='bbox 1393 1090 1502 1134; x_wconf 85' lang='lat' dir='ltr'><strong>libri</strong></span> <span class='ocrx_word' id='word_1_84' title='bbox 1522 1094 1590 1136; x_wconf 82' lang='lat' dir='ltr'><strong>de</strong></span> 
     </span>
    </p>
   </div>
   <div class='ocr_carea' id='block_1_3' title="bbox 196 1163 1603 2069">
    <p class='ocr_par' dir='ltr' id='par_1_4' title="bbox 196 1163 1603 2069">
     <span class='ocr_line' id='line_1_12' title="bbox 202 1163 1591 1229; baseline 0 -15"><span class='ocrx_word' id='word_1_85' title='bbox 202 1163 347 1229; x_wconf 77' lang='lat' dir='ltr'><strong>Rem.</strong></span> <span class='ocrx_word' id='word_1_86' title='bbox 365 1164 495 1225; x_wconf 77' lang='lat' dir='ltr'><strong>jbrt.</strong></span> <span class='ocrx_word' id='word_1_87' title='bbox 522 1165 760 1227; x_wconf 80' lang='lat' dir='ltr'><strong>&#39;appictum</strong></span> <span class='ocrx_word' id='word_1_88' title='bbox 800 1163 968 1223; x_wconf 87' lang='lat' dir='ltr'><strong>legitur</strong></span> <span class='ocrx_word' id='word_1_89' title='bbox 1009 1179 1177 1210; x_wconf 87' lang='lat' dir='ltr'><strong>nomen</strong></span> <span class='ocrx_word' id='word_1_90' title='bbox 1203 1167 1362 1212; x_wconf 82' lang='lat' dir='ltr'><strong>Perez</strong></span> <span class='ocrx_word' id='word_1_91' title='bbox 1387 1168 1446 1213; x_wconf 82' lang='lat' dir='ltr'><strong>de</strong></span> <span class='ocrx_word' id='word_1_92' title='bbox 1472 1170 1591 1214; x_wconf 86' lang='lat' dir='ltr'><strong>Ma-</strong></span> 
     </span>
     <span class='ocr_line' id='line_1_13' title="bbox 199 1240 1594 1301; baseline 0 -12"><span class='ocrx_word' id='word_1_93' title='bbox 199 1244 377 1290; x_wconf 78' lang='lat' dir='ltr'><strong>luenda</strong></span> <span class='ocrx_word' id='word_1_94' title='bbox 388 1261 411 1296; x_wconf 81' lang='lat'><strong>‚-</strong></span> <span class='ocrx_word' id='word_1_95' title='bbox 437 1241 525 1287; x_wconf 85' lang='lat' dir='ltr'><strong>fuit</strong></span> <span class='ocrx_word' id='word_1_96' title='bbox 538 1252 689 1286; x_wconf 87' lang='lat' dir='ltr'><strong>autem</strong></span> <span class='ocrx_word' id='word_1_97' title='bbox 702 1257 758 1286; x_wconf 87' lang='lat' dir='ltr'><strong>ex</strong></span> <span class='ocrx_word' id='word_1_98' title='bbox 771 1240 992 1301; x_wconf 76' lang='lat' dir='ltr'><strong>Hispania</strong></span> <span class='ocrx_word' id='word_1_99' title='bbox 1018 1241 1366 1288; x_wconf 67' lang='lat' dir='ltr'><strong>Pincianusz</strong></span> <span class='ocrx_word' id='word_1_100' title='bbox 1393 1245 1594 1289; x_wconf 85' lang='lat' dir='ltr'><strong>Bruxel-</strong></span> 
     </span>
     <span class='ocr_line' id='line_1_14' title="bbox 200 1303 1590 1377; baseline 0.001 -12"><span class='ocrx_word' id='word_1_101' title='bbox 200 1320 258 1365; x_wconf 87' lang='lat' dir='ltr'><strong>lis</strong></span> <span class='ocrx_word' id='word_1_102' title='bbox 285 1317 394 1364; x_wconf 88' lang='lat' dir='ltr'><strong>olim</strong></span> <span class='ocrx_word' id='word_1_103' title='bbox 416 1316 612 1361; x_wconf 75' lang='lat' dir='ltr'><strong>alterum</strong></span> <span class='ocrx_word' id='word_1_104' title='bbox 649 1303 804 1363; x_wconf 81' lang='lat' dir='ltr'><strong>fuisse.</strong></span> <span class='ocrx_word' id='word_1_105' title='bbox 864 1317 957 1362; x_wconf 86' lang='lat' dir='ltr'><strong>Sed</strong></span> <span class='ocrx_word' id='word_1_106' title='bbox 985 1317 1098 1361; x_wconf 84' lang='lat' dir='ltr'><strong>haec</strong></span> <span class='ocrx_word' id='word_1_107' title='bbox 1126 1317 1261 1362; x_wconf 84' lang='lat' dir='ltr'><strong>valde</strong></span> <span class='ocrx_word' id='word_1_108' title='bbox 1283 1319 1423 1365; x_wconf 85' lang='lat' dir='ltr'><strong>dubia</strong></span> <span class='ocrx_word' id='word_1_109' title='bbox 1447 1334 1553 1366; x_wconf 87' lang='lat' dir='ltr'><strong>sunt</strong></span> <span class='ocrx_word' id='word_1_110' title='bbox 1573 1342 1590 1377; x_wconf 74' lang='grc' dir='ltr'><strong>ς</strong></span> 
     </span>
     <span class='ocr_line' id='line_1_15' title="bbox 196 1392 1593 1453; baseline 0.001 -14"><span class='ocrx_word' id='word_1_111' title='bbox 196 1392 315 1439; x_wconf 80' lang='lat' dir='ltr'><strong>illud</strong></span> <span class='ocrx_word' id='word_1_112' title='bbox 330 1395 522 1449; x_wconf 85' lang='lat' dir='ltr'><strong>certius,</strong></span> <span class='ocrx_word' id='word_1_113' title='bbox 551 1393 602 1437; x_wconf 93' lang='lat' dir='ltr'><strong>in</strong></span> <span class='ocrx_word' id='word_1_114' title='bbox 631 1403 829 1453; x_wconf 82' lang='lat' dir='ltr'><strong>utroque</strong></span> <span class='ocrx_word' id='word_1_115' title='bbox 857 1392 991 1437; x_wconf 87' lang='lat' dir='ltr'><strong>MSto</strong></span> <span class='ocrx_word' id='word_1_116' title='bbox 1016 1394 1259 1439; x_wconf 89' lang='lat' dir='ltr'><strong>nonnullas</strong></span> <span class='ocrx_word' id='word_1_117' title='bbox 1274 1397 1473 1440; x_wconf 87' lang='lat' dir='ltr'><strong>inveniri</strong></span> <span class='ocrx_word' id='word_1_118' title='bbox 1488 1397 1593 1441; x_wconf 89' lang='lat' dir='ltr'><strong>lec-</strong></span> 
     </span>
     <span class='ocr_line' id='line_1_16' title="bbox 202 1468 1597 1531; baseline 0.004 -16"><span class='ocrx_word' id='word_1_119' title='bbox 202 1470 381 1522; x_wconf 87' lang='lat' dir='ltr'><strong>tiones,</strong></span> <span class='ocrx_word' id='word_1_120' title='bbox 413 1485 564 1530; x_wconf 90' lang='lat' dir='ltr'><strong>neque</strong></span> <span class='ocrx_word' id='word_1_121' title='bbox 591 1468 905 1529; x_wconf 86' lang='lat' dir='ltr'><strong>spernendas,</strong></span> <span class='ocrx_word' id='word_1_122' title='bbox 936 1481 989 1515; x_wconf 82' lang='lat' dir='ltr'><strong>ut</strong></span> <span class='ocrx_word' id='word_1_123' title='bbox 1007 1469 1217 1524; x_wconf 83' lang='lat' dir='ltr'><strong>videtur,</strong></span> <span class='ocrx_word' id='word_1_124' title='bbox 1247 1488 1398 1531; x_wconf 84' lang='lat' dir='ltr'><strong>neque</strong></span> <span class='ocrx_word' id='word_1_125' title='bbox 1422 1474 1472 1517; x_wconf 86' lang='lat' dir='ltr'><strong>in</strong></span> <span class='ocrx_word' id='word_1_126' title='bbox 1505 1474 1597 1521; x_wconf 86' lang='lat' dir='ltr'><strong>ulla</strong></span> 
     </span>
     <span class='ocr_line' id='line_1_17' title="bbox 202 1545 1598 1628; baseline 0.003 -38"><span class='ocrx_word' id='word_1_127' title='bbox 202 1561 359 1590; x_wconf 86' lang='lat' dir='ltr'><strong>earum</strong></span> <span class='ocrx_word' id='word_1_128' title='bbox 388 1545 604 1605; x_wconf 87' lang='lat' dir='ltr'><strong>quidem,</strong></span> <span class='ocrx_word' id='word_1_129' title='bbox 636 1560 747 1628; x_wconf 86' lang='lat' dir='ltr'><strong>quas</strong></span> <span class='ocrx_word' id='word_1_130' title='bbox 778 1545 1004 1600; x_wconf 88' lang='lat' dir='ltr'><strong>adhibui,</strong></span> <span class='ocrx_word' id='word_1_131' title='bbox 1034 1545 1289 1592; x_wconf 85' lang='lat' dir='ltr'><strong>editionum</strong></span> <span class='ocrx_word' id='word_1_132' title='bbox 1311 1563 1598 1600; x_wconf 80' lang='lat' dir='ltr'><strong>memoratas.</strong></span> 
     </span>
     <span class='ocr_line' id='line_1_18' title="bbox 202 1605 1596 1687; baseline 0.005 -22"><span class='ocrx_word' id='word_1_133' title='bbox 202 1621 499 1667; x_wconf 82' lang='lat' dir='ltr'><strong>Editionibus</strong></span> <span class='ocrx_word' id='word_1_134' title='bbox 540 1621 610 1664; x_wconf 86' lang='lat' dir='ltr'><strong>his</strong></span> <span class='ocrx_word' id='word_1_135' title='bbox 646 1605 944 1664; x_wconf 83' lang='lat' dir='ltr'><strong>annumerari</strong></span> <span class='ocrx_word' id='word_1_136' title='bbox 993 1636 1179 1682; x_wconf 87' lang='lat' dir='ltr'><strong>quoque</strong></span> <span class='ocrx_word' id='word_1_137' title='bbox 1219 1634 1371 1681; x_wconf 87' lang='lat' dir='ltr'><strong>potest</strong></span> <span class='ocrx_word' id='word_1_138' title='bbox 1405 1643 1459 1670; x_wconf 87' lang='lat' dir='ltr'><strong>an</strong></span> <span class='ocrx_word' id='word_1_139' title='bbox 1468 1627 1596 1687; x_wconf 61' lang='lat' dir='ltr'><strong>tique</strong></span> 
     </span>
     <span class='ocr_line' id='line_1_19' title="bbox 208 1696 1599 1759; baseline 0.003 -18"><span class='ocrx_word' id='word_1_140' title='bbox 208 1696 433 1759; x_wconf 81' lang='lat' dir='ltr'><strong>quaedam</strong></span> <span class='ocrx_word' id='word_1_141' title='bbox 460 1707 508 1739; x_wconf 92' lang='lat' dir='ltr'><strong>et</strong></span> <span class='ocrx_word' id='word_1_142' title='bbox 538 1697 684 1739; x_wconf 84' lang='lat' dir='ltr'><strong>rarior</strong></span> <span class='ocrx_word' id='word_1_143' title='bbox 711 1696 928 1757; x_wconf 87' lang='lat' dir='ltr'><strong>impressa</strong></span> <span class='ocrx_word' id='word_1_144' title='bbox 956 1696 1140 1754; x_wconf 83' lang='lat' dir='ltr'><strong>Lipsiae</strong></span> <span class='ocrx_word' id='word_1_145' title='bbox 1165 1712 1250 1757; x_wconf 82' lang='lat' dir='ltr'><strong>per</strong></span> <span class='ocrx_word' id='word_1_146' title='bbox 1275 1699 1537 1747; x_wconf 86' lang='lat' dir='ltr'><strong>Arnoldu</strong></span> <span class='ocrx_word' id='word_1_147' title='bbox 1555 1723 1599 1750; x_wconf 81' lang='lat' dir='ltr'>m</span> 
     </span>
     <span class='ocr_line' id='line_1_20' title="bbox 206 1772 1599 1832; baseline 0.001 -14"><span class='ocrx_word' id='word_1_148' title='bbox 206 1776 274 1819; x_wconf 89' lang='lat' dir='ltr'><strong>de</strong></span> <span class='ocrx_word' id='word_1_149' title='bbox 306 1773 558 1818; x_wconf 86' lang='lat' dir='ltr'><strong>Colonia</strong></span> <span class='ocrx_word' id='word_1_150' title='bbox 602 1775 679 1817; x_wconf 77' lang='lat' dir='ltr'><strong>A0.</strong></span> <span class='ocrx_word' id='word_1_151' title='bbox 706 1772 852 1830; x_wconf 76' lang='lat'>1495,</span> <span class='ocrx_word' id='word_1_152' title='bbox 896 1788 922 1816; x_wconf 92' lang='lat' dir='ltr'><strong>e</strong></span> <span class='ocrx_word' id='word_1_153' title='bbox 953 1789 1045 1832; x_wconf 82' lang='lat' dir='ltr'><strong>qua</strong></span> <span class='ocrx_word' id='word_1_154' title='bbox 1083 1774 1365 1832; x_wconf 80' lang='lat' dir='ltr'><strong>potissimam</strong></span> <span class='ocrx_word' id='word_1_155' title='bbox 1389 1778 1599 1825; x_wconf 77' lang='lat' dir='ltr'><strong>lectionis</strong></span> 
     </span>
     <span class='ocr_line' id='line_1_21' title="bbox 212 1844 1599 1910; baseline 0.001 -16"><span class='ocrx_word' id='word_1_156' title='bbox 212 1850 476 1894; x_wconf 83' lang='lat' dir='ltr'><strong>varietatem</strong></span> <span class='ocrx_word' id='word_1_157' title='bbox 505 1858 669 1892; x_wconf 85' lang='lat' dir='ltr'><strong>nactus</strong></span> <span class='ocrx_word' id='word_1_158' title='bbox 686 1863 787 1891; x_wconf 88' lang='lat' dir='ltr'><strong>sum</strong></span> <span class='ocrx_word' id='word_1_159' title='bbox 809 1858 1071 1910; x_wconf 82' lang='lat' dir='ltr'><strong>excerptam</strong></span> <span class='ocrx_word' id='word_1_160' title='bbox 1092 1849 1142 1894; x_wconf 89' lang='lat' dir='ltr'><strong>in</strong></span> <span class='ocrx_word' id='word_1_161' title='bbox 1166 1850 1346 1897; x_wconf 80' lang='lat' dir='ltr'><strong>Mulie</strong></span> <span class='ocrx_word' id='word_1_162' title='bbox 1360 1844 1449 1900; x_wconf 54' lang='lat' dir='ltr'><strong>ri&#39;a</strong></span> <span class='ocrx_word' id='word_1_163' title='bbox 1462 1857 1520 1902; x_wconf 77' lang='lat' dir='ltr'><strong>ni</strong></span> <span class='ocrx_word' id='word_1_164' title='bbox 1538 1859 1599 1904; x_wconf 59' lang='lat' dir='ltr'><strong>dg</strong></span> 
     </span>
     <span class='ocr_line' id='line_1_22' title="bbox 210 1921 1597 1987; baseline 0.006 -17"><span class='ocrx_word' id='word_1_165' title='bbox 210 1924 442 1970; x_wconf 67' lang='lat' dir='ltr'><strong>Sallustio</strong></span> <span class='ocrx_word' id='word_1_166' title='bbox 487 1923 604 1979; x_wconf 83' lang='lat'>(46)</span> <span class='ocrx_word' id='word_1_167' title='bbox 647 1921 792 1966; x_wconf 87' lang='lat' dir='ltr'><strong>libelli</strong></span> <span class='ocrx_word' id='word_1_168' title='bbox 816 1924 1095 1981; x_wconf 83' lang='lat' dir='ltr'><strong>appendice.</strong></span> <span class='ocrx_word' id='word_1_169' title='bbox 1153 1928 1365 1987; x_wconf 84' lang='lat' dir='ltr'><strong>Denique</strong></span> <span class='ocrx_word' id='word_1_170' title='bbox 1389 1932 1496 1977; x_wconf 88' lang='lat' dir='ltr'><strong>Pin</strong></span> <span class='ocrx_word' id='word_1_171' title='bbox 1513 1937 1597 1978; x_wconf 85' lang='lat' dir='ltr'><strong>ci-</strong></span> 
     </span>
     <span class='ocr_line' id='line_1_23' title="bbox 206 1996 1603 2069; baseline 0.005 -23"><span class='ocrx_word' id='word_1_172' title='bbox 206 2001 302 2046; x_wconf 84' lang='lat' dir='ltr'><strong>ani</strong></span> <span class='ocrx_word' id='word_1_173' title='bbox 332 2009 463 2044; x_wconf 83' lang='lat' dir='ltr'><strong>notas</strong></span> <span class='ocrx_word' id='word_1_174' title='bbox 500 1998 709 2057; x_wconf 84' lang='lat' dir='ltr'><strong>excerpsi</strong></span> <span class='ocrx_word' id='word_1_175' title='bbox 755 2012 811 2041; x_wconf 81' lang='lat' dir='ltr'><strong>ex</strong></span> <span class='ocrx_word' id='word_1_176' title='bbox 846 1996 1048 2045; x_wconf 79' lang='lat' dir='ltr'><strong>editione</strong></span> <span class='ocrx_word' id='word_1_177' title='bbox 1087 2001 1291 2048; x_wconf 86' lang='lat' dir='ltr'><strong>Parisina</strong></span> <span class='ocrx_word' id='word_1_178' title='bbox 1317 2006 1440 2065; x_wconf 80' lang='lat'><em>(47)</em></span> <span class='ocrx_word' id='word_1_179' title='bbox 1483 2026 1603 2069; x_wconf 72' lang='lat' dir='ltr'><strong>quae</strong></span> 
     </span>
    </p>
   </div>
   <div class='ocr_carea' id='block_1_4' title="bbox 1496 2082 1601 2134">
    <p class='ocr_par' dir='ltr' id='par_1_5' title="bbox 1496 2082 1601 2134">
     <span class='ocr_line' id='line_1_24' title="bbox 1496 2082 1601 2134; baseline 0.019 -3"><span class='ocrx_word' id='word_1_180' title='bbox 1496 2082 1601 2134; x_wconf 73' lang='lat' dir='ltr'><strong>cuin</strong></span> 
     </span>
    </p>
   </div>
   <div class='ocr_carea' id='block_1_5' title="bbox 209 2169 1606 2854">
    <p class='ocr_par' dir='ltr' id='par_1_6' title="bbox 209 2169 1606 2736">
     <span class='ocr_line' id='line_1_25' title="bbox 260 2169 1603 2231; baseline 0.005 -22"><span class='ocrx_word' id='word_1_181' title='bbox 260 2172 358 2220; x_wconf 83' lang='lat'>(46)</span> <span class='ocrx_word' id='word_1_182' title='bbox 382 2172 511 2208; x_wconf 83' lang='lat' dir='ltr'><strong>Libelli</strong></span> <span class='ocrx_word' id='word_1_183' title='bbox 537 2170 659 2207; x_wconf 79' lang='lat' dir='ltr'><strong>titulus</strong></span> <span class='ocrx_word' id='word_1_184' title='bbox 683 2169 816 2216; x_wconf 77' lang='lat' dir='ltr'><strong>integer</strong></span> <span class='ocrx_word' id='word_1_185' title='bbox 847 2169 906 2206; x_wconf 85' lang='lat' dir='ltr'><strong>hic</strong></span> <span class='ocrx_word' id='word_1_186' title='bbox 931 2176 1001 2207; x_wconf 83' lang='lat' dir='ltr'><strong>est·</strong></span> <span class='ocrx_word' id='word_1_187' title='bbox 1032 2171 1071 2210; x_wconf 84' lang='lat' dir='ltr'><strong>C.</strong></span> <span class='ocrx_word' id='word_1_188' title='bbox 1095 2173 1362 2214; x_wconf 71' lang='lat' dir='ltr'><strong>Sallustius</strong></span> <span class='ocrx_word' id='word_1_189' title='bbox 1386 2178 1603 2231; x_wconf 66' lang='lat' dir='ltr'><strong>Crispus</strong></span> 
     </span>
     <span class='ocr_line' id='line_1_26' title="bbox 209 2229 1606 2282; baseline 0.008 -13"><span class='ocrx_word' id='word_1_190' title='bbox 209 2233 297 2269; x_wconf 78' lang='lat' dir='ltr'><strong>oder</strong></span> <span class='ocrx_word' id='word_1_191' title='bbox 312 2232 514 2268; x_wconf 74' lang='lat' dir='ltr'><strong>histor-isch</strong></span> <span class='ocrx_word' id='word_1_192' title='bbox 536 2231 711 2267; x_wconf 76' lang='lat' dir='ltr'><strong>critische</strong></span> <span class='ocrx_word' id='word_1_193' title='bbox 736 2229 1022 2279; x_wconf 75' lang='lat' dir='ltr'><strong>Untersuchung</strong></span> <span class='ocrx_word' id='word_1_194' title='bbox 1059 2233 1125 2268; x_wconf 80' lang='lat' dir='ltr'><strong>der</strong></span> <span class='ocrx_word' id='word_1_195' title='bbox 1154 2235 1412 2274; x_wconf 75' lang='lat' dir='ltr'><strong>Nachrichten</strong></span> <span class='ocrx_word' id='word_1_196' title='bbox 1433 2253 1504 2282; x_wconf 67' lang='lat' dir='ltr'><strong>von</strong></span> <span class='ocrx_word' id='word_1_197' title='bbox 1529 2247 1606 2280; x_wconf 82' lang='lat' dir='ltr'><strong>sei·</strong></span> 
     </span>
     <span class='ocr_line' id='line_1_27' title="bbox 209 2289 1606 2349; baseline 0.007 -23"><span class='ocrx_word' id='word_1_198' title='bbox 209 2304 294 2327; x_wconf 81' lang='lat' dir='ltr'><strong>nem</strong></span> <span class='ocrx_word' id='word_1_199' title='bbox 310 2291 450 2336; x_wconf 66' lang='lat' dir='ltr'><strong>beben,</strong></span> <span class='ocrx_word' id='word_1_200' title='bbox 484 2290 655 2325; x_wconf 78' lang='lat' dir='ltr'><strong>Urtheile</strong></span> <span class='ocrx_word' id='word_1_201' title='bbox 690 2289 778 2323; x_wconf 66' lang='lat' dir='ltr'><strong>fiber</strong></span> <span class='ocrx_word' id='word_1_202' title='bbox 805 2289 906 2324; x_wconf 71' lang='lat' dir='ltr'><strong>aeine</strong></span> <span class='ocrx_word' id='word_1_203' title='bbox 942 2290 1153 2333; x_wconf 75' lang='lat' dir='ltr'><strong>Schriften,</strong></span> <span class='ocrx_word' id='word_1_204' title='bbox 1190 2295 1268 2329; x_wconf 81' lang='lat' dir='ltr'><strong>und</strong></span> <span class='ocrx_word' id='word_1_205' title='bbox 1294 2297 1359 2330; x_wconf 86' lang='lat' dir='ltr'><strong>der</strong></span> <span class='ocrx_word' id='word_1_206' title='bbox 1387 2296 1606 2349; x_wconf 72' lang='lat' dir='ltr'><strong>Brklitrung</strong></span> 
     </span>
     <span class='ocr_line' id='line_1_28' title="bbox 210 2347 1604 2396; baseline 0.004 -12"><span class='ocrx_word' id='word_1_207' title='bbox 210 2350 411 2386; x_wconf 78' lang='lat' dir='ltr'><strong>det-selben.</strong></span> <span class='ocrx_word' id='word_1_208' title='bbox 458 2350 575 2385; x_wconf 80' lang='lat' dir='ltr'><strong>Nebst</strong></span> <span class='ocrx_word' id='word_1_209' title='bbox 600 2349 722 2384; x_wconf 68' lang='lat' dir='ltr'><strong>«inem</strong></span> <span class='ocrx_word' id='word_1_210' title='bbox 743 2348 905 2396; x_wconf 75' lang='lat' dir='ltr'><strong>Beitrag</strong></span> <span class='ocrx_word' id='word_1_211' title='bbox 918 2361 985 2383; x_wconf 80' lang='lat' dir='ltr'><strong>zur</strong></span> <span class='ocrx_word' id='word_1_212' title='bbox 1008 2347 1142 2386; x_wconf 73' lang='lat' dir='ltr'><strong>Kritik</strong></span> <span class='ocrx_word' id='word_1_213' title='bbox 1169 2352 1234 2388; x_wconf 77' lang='lat' dir='ltr'><strong>des</strong></span> <span class='ocrx_word' id='word_1_214' title='bbox 1265 2354 1393 2390; x_wconf 76' lang='lat' dir='ltr'><strong>Cicero</strong></span> <span class='ocrx_word' id='word_1_215' title='bbox 1424 2359 1504 2392; x_wconf 81' lang='lat' dir='ltr'><strong>und</strong></span> <span class='ocrx_word' id='word_1_216' title='bbox 1533 2361 1604 2395; x_wconf 71' lang='lat' dir='ltr'><strong>Se..</strong></span> 
     </span>
     <span class='ocr_line' id='line_1_29' title="bbox 210 2406 1605 2454; baseline 0.006 -14"><span class='ocrx_word' id='word_1_217' title='bbox 210 2419 317 2443; x_wconf 84' lang='lat' dir='ltr'><strong>neca.</strong></span> <span class='ocrx_word' id='word_1_218' title='bbox 361 2407 675 2453; x_wconf 75' lang='lat' dir='ltr'><strong>Herum-gegeben</strong></span> <span class='ocrx_word' id='word_1_219' title='bbox 695 2419 766 2441; x_wconf 74' lang='lat' dir='ltr'><strong>von</strong></span> <span class='ocrx_word' id='word_1_220' title='bbox 798 2406 849 2442; x_wconf 83' lang='lat' dir='ltr'><strong>M.</strong></span> <span class='ocrx_word' id='word_1_221' title='bbox 872 2407 980 2442; x_wconf 79' lang='lat' dir='ltr'><strong>Otto</strong></span> <span class='ocrx_word' id='word_1_222' title='bbox 1003 2407 1145 2442; x_wconf 74' lang='lat' dir='ltr'><strong>Moris</strong></span> <span class='ocrx_word' id='word_1_223' title='bbox 1168 2408 1360 2453; x_wconf 72' lang='lat' dir='ltr'><strong>Mffller,</strong></span> <span class='ocrx_word' id='word_1_224' title='bbox 1398 2414 1605 2454; x_wconf 67' lang='lat' dir='ltr'><strong>Zu&#39;lliclzau</strong></span> 
     </span>
     <span class='ocr_line' id='line_1_30' title="bbox 212 2462 1603 2515; baseline 0.004 -16"><span class='ocrx_word' id='word_1_225' title='bbox 212 2465 290 2499; x_wconf 86' lang='lat' dir='ltr'><strong>und</strong></span> <span class='ocrx_word' id='word_1_226' title='bbox 311 2465 467 2514; x_wconf 79' lang='lat' dir='ltr'><strong>Leipzig</strong></span> <span class='ocrx_word' id='word_1_227' title='bbox 488 2468 587 2513; x_wconf 80' lang='lat'><strong>¹8¹7·</strong></span> <span class='ocrx_word' id='word_1_228' title='bbox 635 2462 848 2511; x_wconf 72' lang='lat' dir='ltr'><strong>Appendices</strong></span> <span class='ocrx_word' id='word_1_229' title='bbox 868 2464 992 2501; x_wconf 79' lang='lat' dir='ltr'><strong>Latine</strong></span> <span class='ocrx_word' id='word_1_230' title='bbox 1017 2465 1140 2513; x_wconf 80' lang='lat' dir='ltr'><strong>scripti</strong></span> <span class='ocrx_word' id='word_1_231' title='bbox 1158 2474 1260 2513; x_wconf 86' lang='lat' dir='ltr'><strong>sunt,</strong></span> <span class='ocrx_word' id='word_1_232' title='bbox 1283 2480 1429 2515; x_wconf 85' lang='lat' dir='ltr'><strong>quorum</strong></span> <span class='ocrx_word' id='word_1_233' title='bbox 1450 2472 1537 2509; x_wconf 72' lang='lat' dir='ltr'><strong>alter</strong></span> <span class='ocrx_word' id='word_1_234' title='bbox 1559 2476 1603 2511; x_wconf 71' lang='lat' dir='ltr'><strong>ad</strong></span> 
     </span>
     <span class='ocr_line' id='line_1_31' title="bbox 213 2521 1605 2574; baseline -0.001 -16"><span class='ocrx_word' id='word_1_235' title='bbox 213 2522 407 2558; x_wconf 86' lang='lat' dir='ltr'><strong>Senecae</strong></span> <span class='ocrx_word' id='word_1_236' title='bbox 433 2526 477 2559; x_wconf 82' lang='lat' dir='ltr'><strong>de</strong></span> <span class='ocrx_word' id='word_1_237' title='bbox 496 2524 649 2559; x_wconf 80' lang='lat' dir='ltr'><strong>Provid.</strong></span> <span class='ocrx_word' id='word_1_238' title='bbox 670 2521 798 2557; x_wconf 86' lang='lat' dir='ltr'><strong>librum</strong></span> <span class='ocrx_word' id='word_1_239' title='bbox 821 2531 982 2569; x_wconf 61' lang='lat' dir='ltr'><strong>spectat.&gt;</strong></span> <span class='ocrx_word' id='word_1_240' title='bbox 999 2524 1160 2560; x_wconf 77' lang='lat' dir='ltr'><strong>Ceterum</strong></span> <span class='ocrx_word' id='word_1_241' title='bbox 1185 2526 1287 2570; x_wconf 64' lang='lat' dir='ltr'><strong>hujus</strong></span> <span class='ocrx_word' id='word_1_242' title='bbox 1309 2538 1501 2574; x_wconf 57' lang='lat' dir='ltr'><strong>separaum</strong></span> <span class='ocrx_word' id='word_1_243' title='bbox 1525 2535 1605 2569; x_wconf 63' lang='lat' dir='ltr'><strong>edi,</strong></span> 
     </span>
     <span class='ocr_line' id='line_1_32' title="bbox 210 2580 1604 2636; baseline 0.001 -19"><span class='ocrx_word' id='word_1_244' title='bbox 210 2581 365 2627; x_wconf 82' lang='lat' dir='ltr'><strong>tionem,</strong></span> <span class='ocrx_word' id='word_1_245' title='bbox 388 2591 474 2626; x_wconf 86' lang='lat' dir='ltr'><strong>quae</strong></span> <span class='ocrx_word' id='word_1_246' title='bbox 500 2580 674 2616; x_wconf 77' lang='lat' dir='ltr'><strong>Ackero</strong></span> <span class='ocrx_word' id='word_1_247' title='bbox 704 2587 846 2615; x_wconf 76' lang='lat' dir='ltr'><strong>curante</strong></span> <span class='ocrx_word' id='word_1_248' title='bbox 882 2580 1103 2618; x_wconf 84' lang='lat' dir='ltr'><strong>Rudolstadii</strong></span> <span class='ocrx_word' id='word_1_249' title='bbox 1132 2583 1266 2630; x_wconf 81' lang='lat' dir='ltr'><strong>prodiit</strong></span> <span class='ocrx_word' id='word_1_250' title='bbox 1297 2587 1358 2621; x_wconf 59' lang='grc' dir='ltr'><strong>ΑΟ.</strong></span> <span class='ocrx_word' id='word_1_251' title='bbox 1391 2600 1494 2636; x_wconf 78' lang='lat'>1711,</span> <span class='ocrx_word' id='word_1_252' title='bbox 1520 2592 1604 2629; x_wconf 64' lang='lat' dir='ltr'><strong>Fa,</strong></span> 
     </span>
     <span class='ocr_line' id='line_1_33' title="bbox 213 2642 1604 2691; baseline 0.005 -16"><span class='ocrx_word' id='word_1_253' title='bbox 213 2642 371 2675; x_wconf 83' lang='lat' dir='ltr'><strong>bricio</strong></span> <span class='ocrx_word' id='word_1_254' title='bbox 408 2647 634 2676; x_wconf 74' lang='lat' dir='ltr'><strong>memoratam</strong></span> <span class='ocrx_word' id='word_1_255' title='bbox 664 2643 690 2679; x_wconf 85' lang='lat' dir='ltr'><strong>l.</strong></span> <span class='ocrx_word' id='word_1_256' title='bbox 725 2642 752 2678; x_wconf 85' lang='lat' dir='ltr'><strong>l.</strong></span> <span class='ocrx_word' id='word_1_257' title='bbox 790 2654 829 2688; x_wconf 85' lang='lat' dir='ltr'><strong>p.</strong></span> <span class='ocrx_word' id='word_1_258' title='bbox 858 2644 935 2679; x_wconf 80' lang='lat'>105.</span> <span class='ocrx_word' id='word_1_259' title='bbox 981 2642 1112 2678; x_wconf 75' lang='lat' dir='ltr'><strong>frustra</strong></span> <span class='ocrx_word' id='word_1_260' title='bbox 1149 2643 1238 2678; x_wconf 83' lang='lat' dir='ltr'><strong>mihi</strong></span> <span class='ocrx_word' id='word_1_261' title='bbox 1265 2656 1463 2691; x_wconf 78' lang='lat' dir='ltr'><strong>comparare</strong></span> <span class='ocrx_word' id='word_1_262' title='bbox 1495 2662 1604 2686; x_wconf 76' lang='lat' dir='ltr'><strong>cona-</strong></span> 
     </span>
     <span class='ocr_line' id='line_1_34' title="bbox 218 2708 386 2736; baseline 0 0"><span class='ocrx_word' id='word_1_263' title='bbox 218 2708 275 2736; x_wconf 86' lang='lat' dir='ltr'><strong>tus</strong></span> <span class='ocrx_word' id='word_1_264' title='bbox 298 2712 386 2736; x_wconf 87' lang='lat' dir='ltr'><strong>sum.</strong></span> 
     </span>
    </p>

    <p class='ocr_par' dir='ltr' id='par_1_7' title="bbox 214 2757 1600 2854">
     <span class='ocr_line' id='line_1_35' title="bbox 267 2757 1600 2809; baseline 0.007 -15"><span class='ocrx_word' id='word_1_265' title='bbox 267 2759 361 2806; x_wconf 87' lang='lat'>(47)</span> <span class='ocrx_word' id='word_1_266' title='bbox 385 2758 555 2793; x_wconf 79' lang='lat' dir='ltr'><strong>Memorat</strong></span> <span class='ocrx_word' id='word_1_267' title='bbox 567 2769 640 2792; x_wconf 83' lang='lat' dir='ltr'><strong>eam</strong></span> <span class='ocrx_word' id='word_1_268' title='bbox 663 2758 698 2793; x_wconf 88' lang='lat' dir='ltr'><strong>in</strong></span> <span class='ocrx_word' id='word_1_269' title='bbox 716 2757 1021 2806; x_wconf 74' lang='lat' dir='ltr'><strong>praestantissimis</strong></span> <span class='ocrx_word' id='word_1_270' title='bbox 1045 2758 1223 2800; x_wconf 79' lang='lat' dir='ltr'><strong>Fabric.</strong></span> <span class='ocrx_word' id='word_1_271' title='bbox 1246 2776 1286 2809; x_wconf 81' lang='lat' dir='ltr'><strong>p.</strong></span> <span class='ocrx_word' id='word_1_272' title='bbox 1310 2764 1384 2804; x_wconf 74' lang='lat'><strong>113.</strong></span> <span class='ocrx_word' id='word_1_273' title='bbox 1418 2764 1540 2806; x_wconf 77' lang='lat' dir='ltr'><strong>Exstat</strong></span> <span class='ocrx_word' id='word_1_274' title='bbox 1562 2770 1600 2807; x_wconf 81' lang='lat' dir='ltr'><strong>in</strong></span> 
     </span>
     <span class='ocr_line' id='line_1_36' title="bbox 214 2816 684 2854; baseline 0.004 -2"><span class='ocrx_word' id='word_1_275' title='bbox 214 2817 432 2854; x_wconf 82' lang='lat' dir='ltr'><strong>Harlemensi</strong></span> <span class='ocrx_word' id='word_1_276' title='bbox 454 2816 684 2854; x_wconf 82' lang='lat' dir='ltr'><strong>Bibliotheca.</strong></span> 
     </span>
    </p>
   </div>
  </div>
 </body>
</html>
