2014 3354
776 177 940 216 =¹=
1514 186 1565 228 91

182 300 245 338 tibi
275 298 435 346 prodesse
465 295 596 340 possit,
630 292 789 328 scribam.
848 293 941 332 Quid
965 298 1079 324 autem
1110 291 1145 324 id
1173 296 1259 338 erit,
1289 298 1352 334 nisi
1384 308 1423 335 ut
1454 310 1487 336 te
1517 313 1578 337 ex·

181 376 297 410 horter
329 373 372 409 ad
405 374 528 408 bonam
560 364 777 399 mentem?”
811 364 975 406 xxvu,
1001 365 1043 399 82
1088 386 1118 407 „
1142 364 1236 398 Bona
1265 375 1357 403 mens
1388 382 1451 407 nec
1481 384 1577 409 com.

179 447 356 484 modatur,
392 448 456 472 nec
487 438 631 472 emiturr
663 445 699 470 et
728 444 839 479 puto,
869 437 900 470 si
932 436 1063 470 venalis
1094 444 1208 478 esset,
1242 447 1311 472 non
1341 440 1480 476 haberet
1506 456 1579 479 em.

180 510 338 552 torem.”
378 509 484 551 XLI,
518 517 554 544 ιε
596 507 753 553 „Facis
784 517 854 542 rem
887 507 1078 551 optimam,
1117 515 1152 540 et
1185 506 1248 542 tibi
1277 506 1487 553 salutarem,
1527 514 1581 558 si,

180 590 220 616 ut
241 579 383 620 scribis,
417 588 614 620 perseveras
634 579 683 612 ire
703 570 748 612 ad
768 579 893 612 bonam
916 578 1112 611 mentem.”
1145 578 1323 621 Lxxm,
1352 591 1409 622 14²
1443 604 1473 623 „
1497 584 1588 616 Nul-

179 653 212 687 la
252 651 323 687 sine
354 651 559 690 Deomens
588 649 679 683 bona
708 645 809 681 est.”
860 644 949 680 Item
980 646 1015 679 in
1046 646 1201 689 Thyeste
1233 648 1294 692 (si
1326 651 1428 687 modo
1453 661 1498 687 ea
1532 659 1587 691 est

180 720 278 765 hujus
309 720 553 760 Senecae)
586 720 675 760 380⁸

513 813 541 831 „
565 790 665 822 Mens
696 796 837 831 regnum
871 786 1191 831 bonspossidetst*

185 869 265 905 Tali
297 876 410 903 autem
440 866 551 899 bonae
583 860 689 896 menti
717 861 856 896 divitias
887 861 1131 904 impedimento
1161 871 1259 905 esse,
1291 870 1363 897 tum
1385 873 1445 900 sua
1466 873 1586 907 quem-

181 950 249 983 que
280 938 390 978 ratio,
422 942 494 968 tum
529 933 737 977 experientia
769 934 895 974 docet,
928 934 1096 975 siquidem
1130 944 1169 968 ea
1201 942 1252 968 est
1283 936 1456 969 hominum
1486 945 1587 969 natu-

178 1022 239 1053 ra,
284 1017 323 1043 ut
354 1008 479 1050 opibus
509 1007 721 1041 abundantes
753 1005 913 1039 facillime
941 1003 1065 1039 fastum
1102 1014 1136 1039 et
1169 1006 1360 1048 superbiam
1394 1016 1589 1048 assumant,

180 1078 345 1114 avaritiae
388 1076 589 1111 luxuriaeve
630 1085 704 1110 sese
738 1075 896 1116 tradant,
942 1074 1045 1108 animi
1086 1084 1171 1109 vero
1214 1077 1360 1110 cultum'
1384 1086 1419 1110 et
1449 1076 1588 1111 virtutis

181 1149 291 1184 studia
325 1146 513 1191 negligant.
558 1145 648 1180 Hinc
680 1144 759 1180 illae
792 1152 827 1178 et
859 1143 1141 1186 philosophorum
1171 1153 1327 1179 veterum
1360 1153 1396 1179 et
1421 1146 1591 1193 Christia-

181 1228 301 1254 norum
333 1219 524 1252 Doctorum
556 1225 663 1250 voces
694 1215 858 1249 adversus
884 1214 1036 1249 divitias.
1083 1214 1230 1248 Teles
1264 1215 1500 1258 Pythagoreus
1527 1224 1590 1257 ap.

182 1288 317 1322 Stob.
351 1287 467 1320 Serm.
498 1296 577 1327 235.
600 1293 641 1328 p-
665 1294 746 1327 772.
771 1296 828 1329 sq.
884 1308 912 1327 .,
938 1285 955 1320 ἦ
989 1285 1053 1330 οὔχ
1080 1286 1150 1329 ὁρᾷς
1182 1286 1236 1322 ὅτι
1267 1289 1312 1324 ὥς
1342 1285 1527 1320 innon-021>
1563 1286 1595 1318 ot*

185 1359 413 1402 πτωχὸτατοι
444 1358 710 1405 φιλοσζοφοῦσιν;
748 1357 777 1389 οἱ
810 1356 847 1389 δὲ
878 1359 1032 1391 πλούσιοι
1067 1359 1128 1390 ‘M‘
1162 1356 1269 1392 ταῦτ’
1303 1355 1397 1391 αὐτοὶ
1430 1357 1459 1389 ἓν
1491 1356 1591 1399 πάσῃ

186 1432 343 1474 ἀσχολίᾳ.
375 1428 514 1470 εἷσίν;“’
556 1429 596 1462 In
629 1429 841 1462 Secundi
873 1432 937 1463 τοῦ
965 1432 1078 1471 Saepo&
1114 1428 1341 1469 Sententiis,
1373 1434 1414 1470 p.
1442 1426 1499 1461 86.
1530 1427 1595 1460 ed.

187 1503 344 1537 Holst.
376 1500 419 1533 ad
450 1499 708 1541 quaestionem=
754 1522 783 1541 „
807 1501 846 1534 τί
885 1499 960 1535 ἐστι
995 1498 1207 1540 πλοῦτοε;”
1254 1499 1338 1531 haec
1371 1505 1424 1530 est
1442 1502 1596 1539 'respon-

184 1573 258 1606 εἰοε
308 1595 338 1612 ‚,
363 1574 503 1615 χρυσοῦν
538 1575 687 1614 φορτίον,
721 1575 840 1610 ἦδόνῶν
872 1574 1055 1615 ὑπηρέτης,
1089 1572 1378 1613 ἱπιβουλιυὸμιιοι
1412 1570 1565 1612 πρὲἶγμαι
1579 1589 1595 1610 ,·

183 1642 630 1685 ἂπὸλαυσις-ἆνίκφραστοε
656 1638 679 1686 ’[
692 1646 910 1687 &nominoe
936 1653 954 1677 e
987 1643 1091 1678 codd.
1124 1638 1261 1678 omnino
1294 1638 1475 1683 legendum
1508 1647 1591 1672 cen-

185 1718 239 1744 set
266 1710 419 1743 Orell.
458 1710 591 1752 opusc.
622 1712 760 1751 philos.
795 1720 881 1758 1021.
907 1711 1000 1754 11],
1041 1712 1150 1754 φθόνος
1181 1714 1457 1752 «ωηο-πώματος,
1491 1712 1591 1752 φέβος

185 1779 426 1822 ἑλπιζὸμινοε,
463 1779 654 1822 καθυμερινῦ
685 1782 836 1823 murra,
881 1781 1157 1821 ιῦμιτᾶπτωτον
1189 1782 1367 1823 πρᾶγμα,
1403 1783 1595 1823 φιλούμενον

188 1849 382 1892 ἇτῦχημα,
440 1848 653 1891 περιπόθητον
707 1850 988 1892 ταλαιπῶρημα,
1043 1846 1168 1890 ὗψηλὲν
1213 1849 1375 1891 πτῶμα,
1424 1849 1596 1895 ἂργυρικέγ

189 1920 360 1961 σύνθεμα,
394 1920 634 1962 πορηρχὸμειοι
656 1917 884 1960 οὔτῦχκμα.”
929 1917 959 1949 Α
974 1914 1158 1957 ppuleji
1182 1916 1294 1950 locum
1319 1918 1360 1950 ad
1384 1919 1468 1949 haec
1491 1921 1512 1949 S
1527 1928 1595 1952 en.

187 1995 294 2027 verba
332 1992 449 2026 laudat
492 1990 622 2032 Lips.
680 2013 711 2032 „
736 1991 875 2024 Prorsus
907 1989 950 2023 ad
983 1988 1195 2030 vivendum,
1240 1995 1278 2021 ut
1308 1987 1351 2021 ad
1381 1969 1592 2031 natandum,

189 2062 246 2096 ille
281 2061 422 2103 melior,
454 2060 514 2101 qui
535 2069 637 2094 onere
661 2059 841 2095 liberIOr.'’
875 2059 969 2093 Idem
992 2060 1021 2092 A
1036 2058 1160 2100 ppul.
1186 2045 1291 2094 flor.
1315 2059 1367 2094 11.
1388 2067 1428 2102 p.
1451 2060 1516 2101 46,
1536 2069 1595 2102 47.

191 2136 248 2169 ed.
272 2134 512 2168 Bosschae
544 2133 586 2166 de
616 2133 785 2166 Cratete=
830 2155 860 2173 „
884 2141 954 2166 rem
978 2131 1174 2165 familiarem
1200 2129 1342 2174 abjicit,
1380 2130 1478 2165 velut
1508 2141 1595 2166 onus

193 2203 375 2244 stercoris,
405 2205 511 2247 magis
533 2204 642 2239 labori
672 2214 773 2247 quam
806 2204 926 2239 usui.”
986 2206 1085 2247 Quae
1107 2205 1190 2239 citat
1210 2206 1454 2240 Wowerus
1473 2204 1515 2237 ad
1538 2204 1595 2237 illa

191 2273 389 2308 Minucii
413 2275 510 2308 Fel.
535 2278 616 2312 Oct.
635 2284 675 2320 p.
691 2277 776 2318 336:
809 2301 841 2321 ‚,
864 2277 973 2320 Igitur
995 2285 1033 2309 ut
1055 2277 1114 2316 qui
1136 2277 1227 2310 viam
1249 2279 1351 2319 terit,
1375 2288 1418 2311 eo
1440 2279 1595 2318 felicior,

193 2354 261 2384 quo
292 2344 401 2379 levior
431 2345 582 2387 incedit,
617 2348 664 2381 ita
696 2349 828 2384 beatior
858 2349 892 2382 in
920 2350 986 2383 hoc
1015 2348 1133 2382 itinere
1164 2349 1281 2390 vitae,
1315 2348 1374 2386 qui
1398 2356 1597 2389 paupertate

194 2423 230 2446 se
262 2415 445 2457 sublevat,
480 2424 548 2448 non
580 2418 644 2449 sub
675 2418 870 2454 divitiarum
902 2429 1002 2454 onere
1032 2411 1250 2461 suspiratfl‘*
1280 2417 1427 2461 Egregie
1456 2428 1595 2460 quoque

190 2486 403 2521 Lactant.
447 2488 541 2529 Vll,
575 2498 614 2523 1:
658 2514 687 2533 ‚,
711 2490 764 2524 Eo
798 2491 864 2533 fit,
898 2501 938 2527 ut
968 2490 1131 2536 pauperc's
1162 2500 1198 2525 et
1228 2489 1373 2524 humiles
1406 2491 1485 2524 Deo
1520 2500 1596 2523 cre-

195 2556 278 2614 dant
314 2556 469 2598 facilius,
512 2558 571 2597 qui
612 2568 690 2592 sunt
721 2560 895 2601 expediti,
942 2573 1043 2603 quam
1074 2562 1219 2604 divites,
1253 2562 1309 2603 qui
1338 2569 1417 2594 sunt
1449 2561 1594 2602 impedi-

195 2623 316 2657 mentis
347 2623 498 2664 plurimis
533 2625 717 2668 implicati,
760 2628 828 2662 imo
860 2638 944 2662 vero
984 2633 1132 2665 catenali
1160 2641 1194 2665 et
1227 2631 1410 2673 compediti
1442 2633 1597 2665 serviunt

193 2696 236 2727 ad
268 2702 383 2728 nutum
420 2696 575 2730 dominae
618 2700 839 2743 cupiditatis,
880 2711 967 2742 quae
1008 2703 1088 2738 ,illos
1130 2702 1417 2737 inextricabilibus
1451 2703 1594 2736 vinculis

194 2766 359 2803 irretivit:
406 2777 468 2802 nec
506 2779 646 2812 possunt
690 2772 723 2805 iu
756 2774 887 2809 coelum
921 2775 1118 2819 adspicere,
1164 2774 1318 2818 quoniam
1354 2783 1447 2807 mens
1480 2781 1596 2807 eorum

880 2847 914 2878 M
939 2857 957 2879 2
1565 2847 1599 2879 in
