2014 3354
834 278 1026 335 (7)

246 412 337 458 iem
364 406 598 458 audimuS‚
630 399 755 463 quod
783 399 895 444 alius
928 398 1023 442 Diis
1051 396 1279 455 objiceret
1307 396 1628 457 negligentiam

244 486 395 536 nostri
413 515 430 540 ‚
458 482 570 528 alius
596 477 902 539 iniquitatem.

301 564 373 610 Ex
393 561 563 607 horum
589 570 782 602 numero
804 553 942 600 fuisse
962 551 1264 597 Lucilium
1289 553 1315 596 J
1332 553 1632 608 unici-em,

244 657 300 688 ex
312 639 403 684 hoc
415 636 563 688 libro,
583 632 664 693 qui
682 631 743 677 ad
754 646 859 676 eum
872 629 1073 689 scriptus
1090 639 1182 684 est,
1200 629 1509 687 intelligimus.
1540 632 1632 677 Cui

246 719 278 765 S
293 735 318 764 e
330 734 362 762 u
373 732 399 761 e
413 730 438 760 c
451 729 477 758 a
507 726 613 757 cum
631 710 799 770 Epist.
813 723 886 755 αι.
910 705 1210 769 polliceretur
1224 734 1240 762 ,
1268 704 1634 753 ut.1domeueum

247 794 306 840 ab
335 790 567 836 oblivione
608 785 917 835 vindicassent
934 784 1144 843 Epicuri
1173 782 1423 843 epistolae,
1450 784 1517 829 ita
1540 786 1635 830 suis

248 867 435 927 scriptis
458 865 579 922 illius
589 878 769 918 momen,
781 860 1194 916 duraturumesse,
1220 860 1271 905 in
1293 873 1349 905 eo
1368 876 1465 906 non
1493 876 1637 906 vanus

252 945 343 988 init
371 955 532 995 augur.
605 938 768 995 Neque
805 937 932 978 euim
966 937 1075 978 alibi
1107 951 1334 993 usquam,
1375 948 1428 982 ut
1458 941 1641 983 monuit

249 1015 432 1065 Ruhk.
466 1010 635 1074 praefi
676 1020 790 1055 tom.
817 1011 861 1057 5.
890 1010 970 1055 ed.
1001 1009 1130 1055 Sem·
1153 1009 1243 1054 nisi
1278 1010 1403 1069 apud
1433 1024 1645 1064 nostrum.

250 1091 578 1156 philosophum
605 1086 773 1133 Lucilii
799 1087 971 1131 mentio
997 1089 1254 1145 reperitur,
1284 1088 1336 1131 in
1362 1104 1499 1147 quem
1528 1089 1643 1136 adeo

254 1169 539 1217 conveniunt
563 1167 676 1211 haec
699 1162 908 1222 ejusdem
934 1163 1075 1209 verba
1101 1164 1153 1208 in
1180 1164 1357 1223 Praefi
1388 1175 1498 1212 tom.
1517 1170 1560 1213 4.
1587 1184 1641 1228 p.

254 1258 349 1307 μιν
366 1265 380 1293 ι
422 1265 445 1292 «
468 1243 707 1300 Plerisque
737 1250 888 1285 autem
922 1239 1180 1286 Senecae
1208 1241 1392 1297 amicis,
1420 1258 1640 1301 praeser-

252 1344 279 1372 «
304 1323 386 1375 tim
410 1321 492 1375 iis,
531 1318 700 1383 quibus
737 1315 882 1359 lihms
910 1329 1012 1359 suos
1048 1317 1312 1376 inscripsit,
1352 1319 1442 1363 hoc
1470 1323 1645 1365 accidit

254 1420 280 1448 «
303 1397 449 1442 fatum
479 1395 607 1439 triste
623 1425 638 1449 ,
678 1393 758 1438 sed
785 1393 836 1438 in
871 1391 1125 1453 tyrannide,
1151 1408 1247 1437 non
1274 1393 1444 1439 mirum
1461 1428 1479 1452 ‚
1519 1408 1571 1441 ut
1601 1410 1650 1443 et

253 1494 279 1522 κ
302 1473 393 1533 ipsi
422 1472 552 1532 quasi
584 1471 634 1514 in
665 1469 790 1514 illam
822 1469 1123 1514 tristissimam
1143 1470 1351 1522 ruinam,
1382 1488 1473 1531 qua
1500 1472 1647 1519 inno-

255 1570 281 1598 «
305 1548 587 1594 centissimus
628 1543 936 1602 Philosophus
974 1560 1000 1587 a
1035 1544 1220 1589 Nerone
1251 1547 1647 1606 protrudehatur,

256 1645 281 1673 α
307 1625 431 1670 velut
454 1623 552 1667 sine
564 1621 749 1664 nomine
773 1633 997 1677 corpora,
1019 1618 1245 1674 devoluti,
1266 1621 1465 1681 ideoque
1497 1627 1649 1669 omnia

255 1724 280 1752 «
305 1691 462 1755 eorum
492 1696 675 1754 vestigia
696 1711 751 1748 ex
781 1694 972 1739 historia
994 1695 1189 1741 istorum
1217 1707 1474 1758 temporum
1502 1702 1647 1759 peni-

256 1800 281 1826 «
307 1788 377 1822 tus
406 1774 585 1827 sublata
615 1772 772 1816 sint.”
829 1771 871 1817 E
902 1771 1130 1817 Seneca
1159 1784 1342 1828 tamen,
1383 1776 1464 1834 qui
1495 1787 1541 1822 et
1565 1793 1648 1821 sa-

256 1850 562 1912 pientissimas
591 1848 690 1891 illas
708 1848 963 1904 Epistola-⁹
994 1859 1043 1892 et
1071 1850 1347 1895 Naturales
1384 1853 1650 1907 Quaestio·

255 1943 340 1974 nes
380 1923 440 1970 ad
470 1922 698 1968 Lucilium
733 1922 948 1979 scripsit,
975 1922 1089 1967 haec
1122 1924 1366 1980 discimus,
1397 1943 1501 1972 eum
1525 1946 1646 1987 pro-

255 2002 479 2050 curatoris
493 1998 680 2044 nomine
698 2028 713 2052 ,
744 2011 861 2057 quae
886 2007 985 2040 erat
999 2000 1222 2057 equestris
1250 2001 1465 2048 nobilitas
1496 2007 1579 2064 (15⁷
1593 2008 1609 2065 )
1623 2039 1642 2064 ‚

259 2076 523 2141 provinciae
547 2074 727 2120 Siciliae
747 2071 1000 2131 praefuisse
1029 2074 1047 2132 (
1066 2075 1117 2121 14
1129 2077 1165 2133 ).
1209 2077 1465 2135 Pauperem
1488 2094 1648 2128 natum

260 2177 287 2206 «
308 2157 359 2200 iu
379 2151 580 2198 medium
598 2148 854 2211 protulerat
871 2149 1045 2208 ingenii
1063 2151 1214 2209 vigor,
1242 2156 1519 2216 scriptorum
1544 2160 1645 2205 ele-

257 2255 280 2282 a
306 2230 485 2291 guntin,
516 2229 694 2273 nobiles
723 2239 769 2272 et
796 2226 942 2272 clarae
973 2227 1193 2273 amicitiae
1222 2234 1311 2287 (15
1326 2234 1403 2287 ).'’
1444 2236 1503 2280 Et
1523 2240 1648 2282 scri-

255 2320 444 2373 ptorum
472 2303 663 2367 quidem
684 2304 936 2363 elegantiae
953 2318 1301 2355 monumentum
1326 2311 1514 2371 aliquod
1538 2331 1642 2359 ma-

1580 2393 1653 2448 jus

308 2526 403 2575 (ιδ)
441 2527 537 2564 Tae.
570 2526 701 2575 Agric.
725 2537 757 2561 c.
779 2524 814 2560 4.
860 2523 909 2560 Et
930 2525 1103 2562 Lucilium
1126 2528 1170 2564 ad
1193 2537 1387 2576 equestrem
1410 2531 1564 2568 ordinem
1589 2533 1650 2569 in..

258 2586 392 2623 dustria
417 2584 633 2634 perduxerat.
669 2584 797 2625 Epist.
820 2583 874 2620 44.

305 2644 402 2694 (14)
426 2647 518 2684 Nat.
545 2647 701 2692 Quaest.
725 2644 769 2679 12.
790 2641 825 2679 4·
842 2643 968 2689 praefi
993 2646 1024 2687 S·
1049 2658 1065 2682 ι
1083 2673 1094 2691 ,
1118 2659 1175 2684 20.
1210 2650 1336 2694 Epist.
1356 2648 1411 2685 31.
1434 2649 1466 2691 S.
1488 2649 1521 2686 8.

309 2704 408 2753 (15)
434 2707 527 2744 Nat.
556 2705 712 2753 Quaest.
734 2707 762 2740 l·
778 2713 810 2741 0·
833 2699 864 2742 §-
884 2713 949 2747 12,
978 2705 1027 2744 15.
1060 2701 1185 2754 Epist.
1210 2719 1264 2753 ³9·
