2014 3354
367 118 424 164 88
998 125 1166 165 Ξ

390 244 516 280 deiude
547 244 691 281 mutatis
720 246 836 282 vei-bk
877 246 936 283 illa
968 255 1186 292 repetanturz
1235 274 1264 293 „
1285 250 1366 286 vide
1397 259 1498 293 quam
1530 271 1572 285 -
1604 258 1796 293 vadendum

388 317 522 356 «καθ’

310 412 312 414 .
345 393 502 430 sectari.
550 392 742 428 Confirmat
773 392 860 424 hanc
894 389 1078 426 lectionem
1111 395 1208 428 locus
1239 397 1367 440 Epist.
1400 398 1471 432 ult.
1499 398 1620 442 princ.
1662 419 1692 441 „
1714 400 1791 435 Νοη

391 473 447 502 est
475 465 664 510 elegnnune
695 468 799 501 tuae,
831 466 963 495 tautum
994 470 1118 505 magna
1147 464 1321 500 ,ecum-s
1732 471 1736 474 .

811 603 1145 639 CAPUT
1249 605 1331 640 vl.

349 757 367 784 ι
391 749 521 794 ,Quare
553 756 689 784 tanen.
749 746 859 789 Hujus
899 749 1036 792 capitis
1073 755 1310 792 argumentum
1346 758 1366 782 a
1400 751 1552 785 Ruhk.
1581 752 1632 786 sic
1662 755 1797 792 editura

389 841 422 865 .,
443 820 542 856 Alios
574 819 645 863 pati
676 813 792 861 mals,
826 826 866 853 ut
896 819 1044 855 doceant
1072 819 1140 854 viri
1171 820 1277 863 boni,
1313 828 1350 855 et
1379 821 1460 863 ipsis
1493 822 1688 859 discendnm
1725 835 1795 871 est,

387 901 430 926 ea
459 892 547 926 bene
577 889 672 933 patit
706 890 779 925 nuti
805 891 895 926 euim
925 898 1007 925 sunt
1036 890 1072 925 in
1099 892 1318 935 exemplar.”
1364 894 1462 936 Quae
1484 894 1620 936 quidem
1642 897 1795 932 definitio

386 963 450 1006 iis,
491 972 581 1004 quae
621 963 712 1006 apud
755 964 857 998 sen.
896 962 1064 1006 legimus,
1109 963 1285 1007 angustior
1316 972 1393 1007 est,
1433 974 1470 1000 et
1502 975 1631 1012 partem
1664 976 1794 1004 tantum

388 1037 525 1080 capitis
554 1034 707 1079 stringit.
754 1034 832 1076 ipse
864 1034 977 1076 potius
1008 1034 1056 1067 ita
1084 1033 1317 1069 definiverimt
1352 1035 1516 1070 absolutis
1544 1036 1612 1078 iam
1644 1045 1793 1080 quatuor

388 1108 484 1149 iilis,
516 1116 602 1148 quus
633 1116 715 1150 cap.
743 1117 779 1148 3.
813 1112 1058 1147 proposuerat,
1089 1105 1271 1148 partibus,
1299 1106 1461 1141 orationis
1482 1108 1560 1142 vela
1583 1111 1723 1152 pandit,
1753 1121 1793 1146 sc

386 1177 491 1212 variIs
522 1176 753 1221 argumentis,
791 1178 950 1213 nonnulla
982 1186 1122 1221 quoque
1156 1189 1200 1214 ex
1232 1180 1510 1215 antecedentibus
1537 1183 1723 1224 repetendo
1757 1185 1793 1216 id

389 1249 487 1292 agit,
521 1255 560 1281 ut
589 1247 726 1282 Lucilio
758 1253 982 1290 persuadeat,
1015 1258 1059 1282 ne
1089 1259 1237 1291 unquam
1269 1251 1353 1285 boni
1374 1251 1440 1285 viri
1461 1252 1678 1289 misereatur:
1711 1264 1790 1296 pos-

382 1330 420 1356 se
451 1321 541 1355 enim
573 1320 730 1354 miserum
763 1322 856 1364 dici,
891 1332 964 1356 esse
994 1332 1064 1356 non
1095 1332 1211 1364 posse.

344 1394 475 1428 Omnia
504 1393 620 1427 mala.
668 1392 800 1433 Lips.
845 1416 875 1434 „
899 1393 940 1426 Id
962 1400 1038 1434 est,
1075 1392 1187 1426 omnia
1219 1402 1301 1426 vere
1332 1392 1467 1428 maia.”
1511 1395 1609 1427 Zeno
1631 1392 1790 1436 quidem,

385 1471 428 1505 ut
455 1462 559 1498 refert
589 1462 717 1497 Stob.
750 1464 831 1500 Ecl.
865 1463 954 1499 Eth.
987 1464 1139 1526 p.·166,
1171 1466 1263 1499 κακὰ
1297 1463 1433 1499 dicebat
1464 1474 1537 1499 esse
1579 1490 1610 1507 ,‚
1635 1466 1684 1501 τὰ
1717 1480 1788 1501 »roa-

382 1538 504 1576 αῦτει,
526 1535 724 1577 ἀφροσύνην,
748 1536 958 1576 ananum,
983 1537 1147 1577 ἇῶιιίειν,
1171 1540 1324 1578 haim,
1349 1538 1407 1572 καὶ
1428 1540 1498 1573 πᾶν
1521 1538 1538 1571 δ’
1559 1538 1633 1572 ἔστι
1659 1541 1786 1577 κακίαι,

384 1606 402 1643 ἔ
429 1608 578 1651 μετέχον
610 1607 778 1644 zatun·
829 1608 1008 1643 Convenit
1040 1609 1179 1651 Diog.
1207 1609 1367 1643 Laert.
1400 1607 1493 1647 vn,
1517 1617 1582 1649 95,
1607 1616 1682 1641 ιω.

343 1679 484 1712 scelera
513 1684 548 1710 et
580 1677 729 1719 flagitia
762 1677 812 1710 sic
853 1678 942 1710 inter
971 1686 1008 1709 se
1041 1676 1224 1716 differunt,
1267 1683 1306 1708 ut
1336 1675 1370 1708 in
1403 1676 1454 1710 his
1485 1676 1590 1717 magis
1620 1677 1791 1717 turpitudo

388 1757 425 1781 et
456 1746 593 1780 infamia
620 1746 669 1778 rei
695 1757 895 1788 spectetur,
927 1749 961 1781 in
994 1749 1059 1782 iilis
1089 1746 1191 1779 animi
1220 1745 1433 1786 improbitas.

345 1829 408 1856 av.
437 1827 533 1853 cone.
565 1816 594 1854 i.
623 1796 657 1852 e.
691 1812 794 1855 talia,
839 1822 927 1855 quae
959 1820 1122 1858 suggerat
1152 1822 1247 1848 amor
1277 1812 1449 1855 habendi,
1489 1813 1598 1848 veluti
1625 1814 1667 1848 de
1698 1815 1793 1849 clan-

387 1893 502 1925 culum
532 1888 768 1923 interficiendo
800 1896 869 1926 eo,
901 1884 996 1926 cujus
1028 1864 1251 1918 hereditatem
1284 1892 1436 1926 sperent.
1481 1886 1539 1919 Ad
1568 1885 1787 1920 ambitionem

385 1969 422 1997 et
462 1958 628 2003 ejusmodi
660 1956 835 2000 cupidines
877 1956 1088 1991 referendum
1124 1964 1240 1990 censet
1270 1954 1401 1998 Lips.
1442 1958 1489 1991 ob
1519 1957 1694 2000 sequentia
1729 1941 1784 1994 ai.

385 2037 484 2071 ium.
505 2043 617 2067 avar.
662 2033 721 2065 Me
752 2040 838 2065 vero
869 2039 938 2064 non
969 2029 1110 2064 offendit
1140 2029 1230 2070 apud
1263 2030 1353 2062 hunc
1382 2028 1581 2071 scriptorem
1613 2036 1650 2064 et
1670 2029 1705 2062 in
1727 2028 1785 2064 tali

385 2104 670 2145 enumeratione,
703 2100 820 2136 verbis
852 2099 926 2134 aliis
955 2098 1103 2141 ejusdem
1136 2098 1184 2132 rei
1214 2098 1393 2142 repetitio.

346 2177 411 2216 lib.
443 2186 598 2209 caecum.
654 2173 875 2213 Aptissimum
916 2170 1093 2213 epitheton
1125 2171 1168 2205 ad
1196 2171 1432 2205 declarandam
1464 2171 1636 2213 libidinis,
1670 2171 1704 2205 id
1734 2181 1785 2206 est

387 2246 573 2280 effrenatae
614 2242 780 2285 cupidinis
809 2240 878 2275 vim
913 2240 947 2275 in
980 2240 1154 2275 hominum
1185 2241 1340 2285 animos,
1376 2242 1501 2276 nullam
1532 2250 1644 2284 neque
1674 2243 1782 2276 scele-

381 2318 453 2357 ris,
495 2325 560 2350 nec
594 2314 738 2358 periculi
774 2312 1040 2357 magnitudinem
1074 2311 1289 2353 videntium,
1332 2313 1410 2347 dum
1439 2312 1496 2353 id,
1530 2313 1624 2354 quod
1656 2322 1784 2347 concu-

382 2387 540 2431 piscant,
564 2392 799 2428 assequantur.
836 2377 900 2417 Est
920 2381 1058 2425 quidem
1079 2379 1186 2416 libido
1203 2380 1375 2424 voluptati
1396 2381 1528 2416 affinis:
1550 2382 1592 2415 de
1618 2393 1657 2416 ea
1670 2391 1783 2418 autem

386 2460 436 2495 sic
479 2459 580 2493 Cic.
615 2460 658 2491 de
691 2459 805 2492 Amic.
835 2466 901 2490 12:
949 2453 1150 2496 „impedit
1178 2454 1267 2489 enim
1298 2454 1473 2489 consilium
1505 2453 1687 2495 voluptas,
1730 2465 1783 2488 ra-

388 2529 475 2566 tioni
503 2528 658 2565 inimicat
690 2537 730 2561 ac
759 2527 882 2562 mentis
909 2524 976 2568 (ut
996 2524 1043 2561 ita
1073 2525 1213 2569 dicam)
1246 2525 1458 2570 praestringit
1485 2524 1650 2561 oculos.'’
1695 2527 1784 2560 Hinc

388 2600 477 2635 idem
505 2608 572 2645 pro
601 2599 734 2645 Quint,
762 2600 826 2633 262
862 2621 891 2640 ‚‚
915 2598 967 2631 De
995 2596 1192 2640 cujusquam
1224 2590 1297 2631 vita
1329 2597 1440 2632 dicere
1474 2597 1601 2638 audes,
1636 2597 1696 2639 qui
1718 2599 1784 2630 hoc

389 2673 555 2706 concedas
597 2681 734 2707 necesse
778 2680 850 2714 est,
890 2672 935 2706 ita
969 2680 1002 2706 te
1036 2681 1173 2705 caecum
1207 2671 1390 2714 cupiditate
1422 2679 1458 2705 et
1485 2670 1625 2704 avaritia
1657 2670 1780 2711 fuisse,

387 2753 449 2790 ut,
483 2756 557 2783 cum
592 2755 709 2790 postea
739 2745 820 2789 quid
850 2746 997 2780 futurum
1020 2752 1130 2789 esset,
1161 2744 1354 2788 ignorares,
1389 2743 1539 2781 accidere
1563 2746 1673 2777 autem
1699 2741 1786 2775 mui-

1756 2821 1788 2849 ta
