2014 3354
794 241 1003 300 (29)
1180 239 1197 248 ”

210 368 239 418 5
265 365 461 409 minibus
491 375 731 410 nascantur
766 363 981 420 ingentia.
1038 363 1106 406 Ne
1143 362 1223 407 illa
1262 362 1451 422 quidem
1477 382 1591 422 quae

265 440 482 486 videntur
517 440 703 486 confusa
744 450 790 483 et
827 440 1033 494 incerta,
1079 439 1253 499 pluvias
1294 439 1400 483 dico
1432 441 1596 483 nubes-

219 537 230 550 ·
266 535 393 578 que,
440 528 486 561 et
519 513 730 561 elisorum
774 514 1018 560 fulminum
1065 518 1246 572 iactus,
1288 528 1335 560 et
1379 515 1597 561 incendia

264 596 412 654 ruptis
450 593 670 637 montium
694 592 944 638 verticibus
979 591 1145 647 effusa,
1178 605 1396 639 tremores
1433 593 1594 638 laban·-

260 672 315 717 tis
340 669 450 727 soli,
480 681 526 715 et
559 668 645 714 alia
685 683 800 727 quae
841 665 1113 712 tumultuosa
1143 684 1249 726 pars
1283 686 1438 714 rerum
1468 671 1594 715 circa

265 760 407 793 terras
443 757 625 802 movet,
669 746 765 789 sine
805 745 1016 800 ratione,
1048 747 1250 805 quamvis
1282 747 1432 791 subita
1471 749 1594 802 sint,

268 824 516 870 accidunt:
550 821 629 869 sed
663 837 764 865 suas
805 833 852 866 et
888 820 965 866 illa
996 837 1146 867 causas
1175 821 1350 866 habent
1392 839 1487 867 non
1512 823 1598 865 mi-

262 918 379 954 nus,
411 916 549 958 quam
592 915 707 956 quae
736 899 892 941 alienis
927 899 1037 948 locis
1082 912 1327 957 conspecta
1368 899 1593 944 miraculo

262 986 397 1026 sunt,
430 974 553 1018 utin
575 972 736 1017 mediis
773 971 990 1016 fluctibus
1018 972 1215 1019 calentes
1237 992 1412 1035 aquae,
1443 988 1490 1021 et
1507 991 1592 1020 no·

203 1085 205 1088 v
261 1067 317 1097 va
363 1050 614 1095 insularum
662 1049 714 1091 in
751 1058 877 1091 vasto
917 1048 1222 1092 exsilientium
1269 1053 1383 1099 mari
1427 1054 1589 1110 spatia.

202 1130 230 1176 4
259 1130 358 1173 Jam
379 1143 488 1173 vero
507 1126 546 1171 si
572 1127 674 1187 quis
707 1125 1016 1171 observaverit
1050 1125 1217 1170 nudari
1258 1125 1392 1170 litora
1430 1127 1591 1189 pelago

259 1206 309 1249 in
336 1219 383 1248 se
411 1202 688 1258 recedente,
719 1201 973 1262 eademque
1006 1201 1132 1244 intra
1171 1202 1381 1259 exiguum
1413 1214 1592 1261 tempus

264 1280 465 1341 operiri,
504 1278 662 1323 credet
708 1294 840 1323 caeca
885 1278 1084 1338 quadam
1135 1278 1415 1324 volutatione
1452 1279 1592 1325 modo

199 1386 202 1389 -
264 1356 473 1403 contrahi
506 1354 683 1405 undas,
715 1366 760 1398 et
790 1355 1041 1398 introrsum
1078 1356 1176 1411 agi,
1216 1355 1353 1399 modo
1384 1372 1597 1417 erumpe-

260 1451 338 1485 re.
369 1446 416 1478 et
446 1448 612 1490 magno
655 1448 791 1475 cursu
835 1443 1045 1489 repetere
1083 1429 1237 1475 sedem
1266 1448 1415 1477 suam:
1451 1450 1595 1494 quum

261 1510 364 1554 illae
395 1510 581 1554 interim
601 1508 888 1571 portionibus
925 1518 1163 1555 crescunt,
1197 1518 1243 1550 et
1270 1509 1327 1550 ad
1358 1509 1516 1552 horam
1540 1526 1592 1554 ac

262 1587 385 1630 diem
423 1587 650 1638 subeunt,
682 1583 925 1641 ampliores
967 1581 1255 1639 minoresque
1278 1615 1291 1636 ‚
1319 1587 1459 1642 vprout
1486 1585 1585 1628 illas

255 1663 415 1707 lunare
457 1658 581 1705 sidus
621 1648 803 1714 elicuit,
847 1655 905 1700 ad
941 1657 1069 1713 cujus
1113 1656 1352 1702 arbitrium
1398 1675 1590 1704 oceanus

1450 1749 1595 1777 exun-

244 1872 278 1907 ³.
323 1869 519 1907 Labantis.
543 1868 628 1906 cod.
651 1867 750 1905 Voss.
770 1868 953 1912 labenti55
978 1868 1043 1904 hoe
1077 1876 1191 1905 autem
1213 1870 1367 1912 cadere,
1403 1868 1491 1905 illud
1508 1876 1590 1907 tre..

200 1941 296 1963 mere
331 1926 513 1971 siguificat.
559 1927 644 1964 Cod.
670 1926 806 1962 Fabric.
825 1926 1076 1972 labantisque.

246 1990 301 2023 Ee
328 1988 424 2024 alia.
469 1985 552 2022 (jod.
578 1985 677 2022 Voss.
706 1987 882 2033 aliaque,
915 1985 1005 2031 quod
1028 1983 1115 2019 oriri
1138 1986 1253 2031 potuit
1269 1999 1288 2021 e
1313 1999 1385 2033 seq.
1409 2001 1506 2034 quae
1524 2000 1586 2034 per

200 2046 344 2092 simplex
368 2060 387 2080 e
412 2044 552 2090 scripto.

248 2106 320 2139 Sed
353 2116 442 2138 suas
476 2109 513 2137 et
546 2104 629 2139 illa.
676 2103 861 2139 Pincianus
892 2103 1081 2139 editionem
1119 2104 1268 2147 hahuit,
1300 2103 1338 2137 in
1369 2115 1436 2149 qna
1463 2102 1585 2140 deerat

199 2176 298 2200 sua-5.
346 2162 506 2208 Suspicor
526 2162 640 2207 potius
672 2162 852 2198 delendum
879 2176 951 2199 esse
976 2166 1050 2200 sed.
1095 2164 1198 2198 Amat
1221 2162 1313 2195 enim
1348 2162 1391 2195 ab
1424 2161 1484 2196 illo
1503 2175 1586 2208 pro-

198 2223 335 2257 nomine
369 2221 550 2267 periodum
584 2222 736 2268 incipere
767 2223 913 2269 Seneca,
947 2231 986 2258 ut
1011 2235 1107 2259 mox:
1144 2237 1160 2258 n
1179 2234 1239 2257 suo
1263 2222 1331 2257 ista
1352 2224 1501 2268 tempori
1525 2236 1585 2258 re-

190 2288 380 2317 serventur.
393 2283 417 2301 ”

242 2342 445 2378 Μίναειιῑο.
491 2339 606 2377 Ruhk.
625 2339 837 2375 Gronovium
858 2348 992 2376 secutus
1017 2340 1113 2375 dedit
1135 2340 1346 2375 miracula:
1369 2338 1504 2374 videtur
1524 2347 1583 2376 ta-

198 2409 277 2432 men
301 2399 488 2445 elegantior
508 2401 615 2434 altera
633 2399 737 2434 lectio
760 2401 941 2434 miraculo
966 2399 992 2433 i.
1013 2411 1043 2435 e.
1065 2398 1312 2443 admiration13
1336 2409 1424 2444 quae
1444 2405 1480 2432 et
1504 2409 1583 2432 am-

197 2456 320 2491 borum
344 2458 508 2494 Codicum
529 2472 666 2494 assensu
686 2459 855 2496 firmatur.

244 2516 277 2549 4.
325 2515 413 2554 Jam
435 2530 520 2550 vero
543 2536 589 2544 -—
610 2531 727 2554 suam.
774 2518 838 2551 His
861 2518 1030 2552 contineri
1052 2524 1132 2562 puto
1157 2528 1351 2561 perversum
1377 2515 1469 2560 vulgi
1487 2516 1585 2559 judi-

198 2574 315 2619 cium,
352 2572 440 2619 quod
473 2574 507 2607 in
536 2587 607 2622 sqq.
641 2576 713 2623 ipse
747 2576 946 2622 redarguit:
978 2577 1092 2623 itaque
1126 2587 1188 2622 pro
1222 2575 1455 2621 interrogandi
1483 2582 1586 2616 nota,

199 2644 301 2677 quam
324 2639 399 2678 post
420 2635 583 2667 exundat
603 2636 718 2679 posuit
744 2636 883 2676 Ruhk„
907 2645 1067 2682 punctum
1090 2636 1200 2670 visum
1227 2644 1280 2670 est
1300 2635 1563 2672 restituendum.

241 2691 343 2726 Illae
379 2692 540 2729 interim.
587 2692 739 2740 Uterque
774 2694 859 2731 Cod.
891 2697 1040 2731 interim
1072 2696 1184 2735 illae.
1224 2693 1313 2742 quod
1341 2693 1485 2729 fortasse
1517 2705 1584 2729 non

195 2763 290 2795 pejus
307 2759 370 2796 cst.
