2014 3354
940 239 1225 327 (28)ι

354 370 381 402 2
414 371 510 402 non
535 354 769 406 difficilem
785 393 795 413 ,
818 375 995 407 causam
1010 363 1202 407 deorum
1227 378 1366 424 agam.
1386 343 1389 351 l
1409 363 1748 425 Supervacuum

406 447 478 480 est
502 438 551 480 in
579 435 836 496 praesentia
862 437 1131 493 ostendere,
1163 452 1257 481 non
1282 438 1380 483 sine
1403 437 1556 497 aliquo
1588 450 1746 481 custo·

411 511 472 555 de
505 522 680 555 tantum
713 526 826 569 opus
860 521 1008 562 stare,
1041 528 1129 557 nec
1162 513 1291 557 hunc
1326 514 1531 557 siderum
1575 523 1751 556 certum

413 586 672 629 discursum
698 586 879 630 fortuiti
906 588 1106 646 impetus
1144 599 1266 641 esse,
1297 598 1344 631 et
1374 603 1492 646 quae
1524 582 1653 632 casus
1686 588 1760 629 in-

412 661 522 703 citat
545 691 560 715 ,
587 675 724 721 saepe
756 664 938 709 turbari
964 676 1008 710 et
1035 665 1125 709 cito
1153 664 1341 708 arietare
1358 683 1371 708 z
1413 663 1533 706 hanc
1569 662 1763 706 inoffen-

409 749 507 778 sam
533 734 822 783 velocitatem
851 741 1104 799 procedere
1138 751 1345 783 aeternae
1383 738 1496 794 legis
1532 738 1727 794 imperio
1745 767 1760 789 ,

412 821 598 854 tantum
632 827 787 856 rerum
837 824 958 856 terra
1000 812 1220 884 marique
1250 823 1500 882 gestantem
1524 843 1538 861 ,
1584 820 1762 855 tantum

415 886 770 929 clarissimorum
812 882 1054 929 luminum·
1075 897 1124 929 et
1160 900 1224 930 ex
1262 877 1585 947 dispositione
1604 883 1762 928 lucen-

416 962 559 1006 tium·
605 974 700 1006 non
729 976 826 1006 esse
865 960 1078 1006 materiae
1107 960 1305 1005 errantis
1346 961 1474 1006 hunc
1519 960 1760 1018 ordinem,

410 1050 570 1093 neque
607 1050 727 1095 quae
765 1046 936 1079 temere
971 1036 1209 1090 coierunt,
1241 1046 1367 1079 tanta
1397 1048 1495 1081 arte
1522 1036 1759 1096 pendere,

417 1121 471 1154 ut
497 1123 725 1154 terrarum
749 1111 1062 1167 gravissimum
1089 1109 1273 1168 pondus
1305 1111 1462 1156 sedeat
1496 1112 1761 1165 immotum,

418 1196 466 1228 et
492 1186 616 1228 circa
645 1200 692 1227 se
714 1187 1009 1243 properantis
1046 1184 1162 1227 coeli
1191 1183 1343 1240 fugam
1365 1197 1571 1243 spectet3
1607 1197 1661 1229 ut
1692 1188 1766 1231 in-

417 1258 520 1302 susa
547 1258 742 1303 vallibus
779 1261 923 1304 maria
959 1257 1170 1303 molliant
1202 1270 1370 1308 terras,
1403 1276 1491 1304 nec
1516 1260 1660 1304 ullum
1690 1263 1765 1306 in·-
1817 1264 1819 1266 ’

416 1345 704 1378 crementum
734 1335 979 1378 fluminum
1020 1334 1246 1390 sentiant3
1282 1345 1332 1378 ut
1362 1350 1419 1379 ex
1447 1336 1645 1380 minimis
1688 1352 1760 1380 se-

1669 1410 1763 1455 mi-

364 1476 369 1482 ‘
388 1470 551 1517 “Agam-
582 1470 668 1506 Aru.
687 1468 745 1503 ‘de
768 1467 851 1506 Col(
871 1469 1022 1516 Agenti.
1197 1499 1202 1501 ,

406 1541 443 1566 a·
492 1531 642 1563 Certum
663 1529 881 1563 discursum.
929 1526 1022 1577 Οοιί,1
1043 1525 1179 1563 Fabric.
1205 1539 1353 1571 ciet-eum
1368 1528 1664 1575 dieeureumque·
1708 1525 1766 1561 Sic

363 1585 473 1621 etiam
501 1583 687 1630 Lipsius
724 1583 815 1618 hunc
845 1584 959 1630 locum
993 1582 1095 1619 affert
1133 1585 1308 1629 Physiol.
1345 1587 1460 1621 Stoic.
1494 1596 1529 1630 p.
1547 1586 1614 1620 25:
1647 1590 1766 1629 postea

365 1651 484 1679 tamen
503 1643 541 1676 in
560 1632 713 1676 editione
733 1639 909 1685 vulgatam
933 1640 1042 1678 dedit.
1089 1642 1172 1678 Arn.
1194 1641 1236 1675 de
1273 1640 1346 1677 Col.
1371 1641 1555 1676 lectionem
1585 1636 1769 1686 utramque

349 1701 563 1745 -conjungin
599 1702 784 1734 sidereum
815 1704 957 1732 certum
985 1711 1134 1732 cursum
1166 1696 1452 1736 esais-cursam.
1510 1698 1671 1745 Suspicor
1699 1698 1771 1733 ali-

363 1769 469 1806 quem
504 1756 693 1792 librarium
731 1767 798 1791 non
829 1755 1058 1804 intellexisse,
1093 1756 1176 1802 quid
1214 1763 1303 1792 esset
1336 1756 1371 1794 h.
1403 1756 1431 1794 l.
1463 1764 1633 1802 certum,
1665 1756 1767 1801 idque

367 1822 556 1865 propterea
576 1822 739 1852 mutasse.

354 1870 366 1874 '⁴
410 1878 466 1912 Et
492 1874 580 1911 cito.
626 1874 813 1909 Pincianus
837 1873 923 1908 haec
942 1873 1046 1908 verba
1070 1874 1155 1908 dicit
1180 1874 1216 1907 in
1239 1875 1428 1923 exemplari
1452 1887 1513 1911 suo
1539 1874 1743 1912 desiderari.

413 1935 631 1972 Ariaram-
653 1932 738 1971 cod.
760 1932 867 1971 vosu-
886 1933 1044 1969 variari.
1063 1929 1155 1966 vEst
1181 1938 1297 1966 tamen
1314 1931 1404 1968 illud
1436 1932 1586 1967 Senecae
1610 1930 1770 1979 frequens

363 1995 434 2029 hoc
471 2004 572 2028 sensu
608 1991 826 2038 offendendi,
860 1991 1096 2038 impingendi,
1133 1997 1173 2024 ut
1203 1994 1307 2026 Cons.
1336 1992 1388 2025 ad
1420 1994 1541 2027 Marc.
1570 1989 1630 2027 XI.
1661 2003 1694 2027 2.
1726 1993 1773 2026 de

370 2055 512 2099 Tranq.
539 2063 603 2086 an
628 2049 657 2088 Ι.
685 2064 716 2096 7.
724 2052 784 2086 de
816 2053 913 2087 Vita
944 2050 1058 2085 beata
1089 2047 1245 2085 vl11.5.
1290 2048 1503 2095 Significatio
1533 2048 1587 2084 vel
1609 2049 1652 2084 ab
1677 2050 1774 2085 arie-

369 2111 465 2147 tibus
488 2109 591 2143 ducta
614 2108 776 2148 videtur,
801 2108 862 2152 qui
883 2106 1046 2141 cornibus
1082 2105 1236 2142 obversis
1259 2119 1295 2141 se
1323 2105 1470 2145 invicem
1491 2115 1631 2154 petunt,
1655 2107 1710 2144 vel
1729 2106 1770 2143 ab

372 2169 484 2205 ariete
506 2165 630 2201 bellico
659 2165 696 2199 in
719 2175 833 2218 muros
857 2164 1080 2210 impingente.

423 2227 617 2267 coierunt·
663 2215 749 2258 Ain.
781 2225 972 2269 exierunt,
995 2224 1088 2269 quod
1125 2224 1161 2258 in
1193 2223 1335 2258 eandem
1363 2226 1571 2260 sententiam
1603 2223 1727 2261 foret'
1717 2238 1775 2260 m—

372 2283 625 2332 unigentium,
660 2294 728 2329 qua
749 2284 792 2318 de
828 2285 954 2330 Renes:
971 2282 1035 2320 Vl.
1061 2283 1117 2319 23.
1150 2282 1239 2317 dixit
1271 2284 1449 2321 excidere.
1496 2282 1623 2320 Melius
1657 2291 1774 2319 tamen

370 2347 509 2381 videtur
547 2345 736 2387 coierunt,
769 2342 931 2388 quoniam
968 2354 1086 2376 eorum
1127 2342 1298 2377 sententia
1337 2344 1513 2389 tangitur,
1546 2344 1607 2390 qui
1633 2335 1772 2378 omnino

377 2405 492 2441 Deum
526 2408 675 2447 negant,
700 2400 990 2448 universumque,
1022 2409 1063 2436 ut
1093 2402 1145 2436 ait
1172 2403 1264 2438 Nat.
1304 2404 1457 2449 Quae-st.
1494 2403 1540 2438 L.
1563 2400 1623 2439 vl.
1650 2403 1775 2450 praefi

376 2465 410 2511 §,
438 2465 494 2500 14.
520 2461 606 2496 ferri
636 2460 836 2496 temeritate
867 2460 1016 2506 quadam
1056 2461 1294 2508 arbitrantur,
1320 2475 1359 2497 ex
1393 2468 1585 2515 atomorum
1610 2471 1775 2495 concursu

377 2522 497 2558 omnia
520 2519 738 2564 explicantes.
1419 2526 1421 2529 ’

425 2578 713 2620 Vallibus.1ta
735 2577 840 2613 maris
864 2577 961 2613 sedes
980 2579 1130 2625 appenat
1156 2581 1261 2617 etiam
1280 2582 1373 2616 Nat.
1402 2580 1553 2625 Quaest.
1576 2576 1645 2614 111.
1670 2577 1705 2611 8.

424 2640 621 2675 Molliant·
673 2635 818 2670 Codices
841 2636 1006 2682 quosdam
1043 2637 1171 2674 habere
1207 2640 1463 2683 commoliunt
1489 2638 1540 2671 ait
1572 2635 1666 2670 Pinc.
1688 2632 1775 2667 unde

380 2697 520 2743 conjicit
543 2701 715 2731 moveant
736 2706 762 2730 s,
784 2704 1053 2743 commoveant,
1078 2710 1143 2745 quo
1177 2701 1278 2733 modo
1312 2695 1487 2744 Neptunus
1511 2707 1528 2731 a
1556 2693 1664 2742 poetis
1699 2691 1776 2728 ἔνο-

382 2761 523 2805 ω’γαιος
546 2755 691 2794 dicatur.
740 2754 862 2791 Malim
888 2756 1044 2802 equidem
1068 2758 1236 2802 vulgatam
1265 2756 1426 2794 retinere.
