2014 3354
417 145 473 188 90
1047 137 1215 157 -.

447 285 478 304 ,,
502 262 543 295 Εἰ
573 260 610 295 «Ν
642 260 736 295 κακοὶ
759 258 820 302 μὶν
843 258 1064 303 εὐτυχοῦσαι,
1099 258 1224 302 ἀγαθοὶ
1245 258 1281 293 ὣὶ
1303 260 1477 302 σίνονται,
1513 261 1699 308 θαυμάζω
1722 265 1754 300 ,ὖ
1781 269 1851 309 hi,

448 333 483 366 οἴ
510 331 572 375 μὲν
603 333 672 375 γὰρ
705 331 855 373 πάντα,
888 331 916 364 οἱ
948 330 985 363 «Ν
1021 327 1147 368 armine
1181 335 1328 368 πλοῦτοι
1362 332 1543 368 ποιοῦσι.”

406 407 577 441 Βηηοςν.
609 406 689 438 div.
716 404 816 445 pros.
871 400 895 430 R
917 400 1204 439 uhkopiiust
1240 423 1270 441 „
1296 404 1378 437 Fuit
1410 414 1525 439 autem
1554 405 1687 438 diversa
1718 408 1856 442 traditio

449 475 494 509 de
518 475 583 508 hac
605 483 662 507 rex
694 469 767 503 aliis
795 468 1031 504 Democritum
1054 469 1284 504 referentibus
1304 478 1482 514 utcunque
1505 479 1741 518 patrimonium
1763 489 1862 515 suum

447 543 658 587 neglexisse3
684 540 817 583 (Cic.
840 541 884 573 de
901 541 1150 584 finib.V,29.
1176 543 1299 575 Hora
1314 548 1340 575 t.
1366 543 1458 584 Epp.
1483 543 1523 583 1,
1546 555 1687 587 12,12.
1724 553 1863 585 Athe-

448 623 596 650 naeus
626 614 707 656 lv,
737 622 797 650 20.
828 619 869 658 p.
891 622 972 656 254.
1011 612 1068 649 ed.
1103 613 1321 653 Schafer.
1353 614 1458 648 Mitto
1487 613 1629 661 plures)
1662 620 1735 655 aliis
1774 624 1863 658 divi

428 693 487 722 ‘so
520 694 597 719 cum
630 683 789 717 statribus
821 682 1024 737 patrimonio
1059 683 1217 725 exiguam
1251 683 1317 717 sibl
1351 692 1480 726 partem
1515 686 1656 730 elegisse
1693 691 1864 736 (Diog.

450 758 611 791 Laert.
637 755 712 796 tx,
738 763 796 795 35.
830 751 1019 789 Aelian.
1046 755 1093 790 V.
1119 756 1170 792 H.
1204 755 1285 798 lv,
1309 766 1366 792 20.
1381 756 1404 799 )
1435 766 1452 790 a
1476 756 1602 797 quibus
1633 767 1749 793 noster
1772 771 1866 803 pror-

449 835 509 861 sus
549 825 657 859 disces
645 824 728 866 sit,
772 822 889 858 nescio
930 832 1031 866 quem
1071 833 1224 861 secutus.
1229 825 1258 841 ”
1315 827 1446 861 Contra
1479 827 1562 861 mihi
1591 829 1729 864 videtur
1757 833 1863 869 sen.

451 896 582 938 priores
614 895 692 928 illos
719 903 859 928 secutus
891 905 988 936 esse,
1021 898 1242 944 verbumque
1273 900 1454 941 projicere
1485 901 1574 936 idem
1606 904 1745 947 valere,
1774 906 1868 947 quod

453 967 640 1012 negligere
662 960 765 1009 >apud
795 965 942 1000 eundem
973 966 1017 999 de
1047 968 1137 1002 Vita
1173 968 1206 1002 b.
1234 968 1399 1011 XXVII,
1424 971 1465 1003 6:
1514 995 1543 1015 ‚‚
1568 971 1719 1014 objicite
1751 974 1868 1010 Plato.

447 1041 512 1083 ni,
552 1042 647 1084 quod
678 1039 818 1083 petierit
847 1039 1053 1082 pecuniam,
1088 1039 1292 1082 Aristoteli,
1311 1041 1418 1082 'quod
1450 1041 1645 1085 acceperit,
1687 1044 1866 1079 Democri.

451 1120 518 1154 to,
554 1111 650 1154 quod
682 1109 922 1154 neglexerit.·‘
968 1110 1055 1143 Item
1089 1110 1181 1151 apud
1214 1108 1496 1145 Ciceronem
1529 1114 1558 1148 1.
1583 1124 1614 1148 c.
1647 1113 1693 1147 lta
1714 1115 1867 1150 scriben-

450 1192 547 1218 tcmt
592 1207 622 1225 „
648 1193 709 1217 cur
739 1184 824 1217 baec
855 1182 971 1216 eadem
1005 1182 1253 1216 Democritus?
1297 1182 1357 1224 qui
1389 1183 1501 1224 (vere
1531 1186 1691 1229 fanone,
1723 1196 1867 1229 quaere·

448 1255 596 1295 remus)
624 1253 752 1287 dicitur
780 1251 888 1288 oculis
918 1261 965 1286 se·
990 1251 1164 1294 privasset
1199 1260 1293 1286 certe
1324 1261 1365 1286 ut
1395 1263 1495 1295 quam
1528 1255 1664 1290 minime
1694 1257 1823 1292 anImus
1847 1268 1866 1291 a

449 1325 718 1369 cogitationibus
761 1322 1017 1365 abduceretur,
1057 1323 1297 1365 patrimonium
1343 1325 1520 1367 neglexit,
1575 1334 1674 1367 agros
1718 1326 1868 1361 deseruit

448 1394 614 1430 incultos.
630 1395 656 1416 '³
719 1395 770 1429 Ea
806 1403 891 1428 vero
922 1394 1068 1428 narratio
1098 1392 1219 1427 merito
1250 1402 1408 1436 suspecta
1440 1395 1551 1429 videri
1582 1397 1701 1432 debet.
1756 1398 1869 1433 Tacet

453 1466 544 1503 enim
580 1467 644 1498 hac
674 1466 716 1500 de
750 1474 787 1498 re
820 1474 981 1507 prorsus,
1017 1465 1076 1504 qui
1109 1465 1194 1498 tales
1225 1465 1491 1501 narratiunculas
1515 1466 1638 1509 cupide
1661 1468 1783 1502 referre
1807 1479 1866 1504 so·

447 1540 525 1581 let,
557 1539 693 1581 Diog.
725 1539 892 1575 Laert.
940 1539 1032 1572 Tum
1067 1539 1209 1573 Philo
1236 1541 1340 1584 Jud.
1374 1542 1417 1573 de
1442 1542 1532 1576 Vita
1557 1544 1790 1583 contemplat.
1823 1550 1864 1582 p.

446 1618 532 1652 473.
560 1608 608 1643 ita
639 1614 832 1652 memorat,
867 1616 907 1643 ut
928 1608 963 1642 in
992 1607 1115 1642 fabulis
1138 1608 1282 1650 poeticis
1302 1617 1430 1650 ponere
1453 1609 1628 1644 videatur.
1674 1608 1736 1642 Ait
1756 1608 1868 1651 enim:

450 1704 484 1724 „
503 1681 735 1723 ’Λναξαγόραι
765 1679 823 1712 καὶ
858 1680 1063 1718 Δημόκριτον
1085 1676 1241 1712 Ἕλληνες
1274 1678 1434 1718 fistuca,
1470 1690 1523 1709 οτι
1555 1678 1754 1717 φιλοσοφίας
1787 1677 1865 1718 ipti-

449 1765 494 1795 ρῳ
525 1749 731 1793 πληχθίντκ
762 1749 973 1790 μηλοβότους
1006 1747 1122 1779 ἀἰασαν
1155 1746 1308 1787 wicht
1340 1748 1407 1782 τὰς
1441 1744 1596 1782 οὖσίας.’
1584 1745 1613 1762 ”
1677 1747 1868 1780 Nati-abant

449 1820 541 1854 idem
580 1819 621 1851 de
657 1819 799 1852 Cratete
832 1815 995 1859 Cynico,
1038 1815 1098 1849 sed
1134 1814 1245 1856 falso.
1279 1822 1316 1849 ut
1346 1813 1571 1857 probabiliter
1599 1816 1720 1851 statuit
1752 1819 1863 1858 Doct.

445 1890 745 1925 Posthumus
778 1890 951 1923 Dissert.
980 1889 1023 1920 de
1050 1887 1158 1921 Crat.
1183 1887 1336 1928 (Gran.
1363 1887 1483 1927 1823.)
1514 1895 1552 1928 ρ.
1579 1897 1644 1929 35,
1668 1889 1726 1930 36.
1773 1870 1860 1924 For·

447 1960 535 1996 sitan
566 1960 703 2002 utrique
736 1959 891 1994 affictum
922 1966 973 1993 est
1006 1958 1049 1993 ad
1070 1957 1328 1992 similitudinem
1350 1958 1600 2002 Anaxagorae,
1635 1969 1736 2002 quern
1761 1971 1861 2005 agros

445 2041 528 2067 suos
560 2031 675 2073 pecori
710 2031 943 2072 depascendos
975 2029 1175 2070 reliquisse,
1216 2038 1373 2063 constans
1407 2036 1483 2063 erat
1520 2036 1674 2062 veterum
1705 2032 1865 2069 narratio.

449 2103 536 2138 Vid.
568 2104 680 2141 Doct.
706 2101 991 2136 schaubach
1026 2101 1203 2143 Anaxag.
1224 2098 1368 2144 fragm.
1400 2100 1535 2141 (Lips.
1563 2101 1674 2141 1827)
1700 2108 1740 2144 p.
1760 2110 1806 2145 7.,
1829 2103 1863 2137 8.

447 2174 505 2207 De
545 2172 773 2212 Democrito,
820 2172 877 2204 iila
923 2171 1101 2206 traditione
1145 2164 1187 2204 ne
1231 2177 1415 2205 memorata
1449 2168 1611 2211 quidem,
1658 2169 1705 2204 ita
1735 2171 1869 2213 scripsit

449 2243 597 2283 Wy-tt.
637 2242 739 2275 Lect.
775 2244 929 2286 quinque
960 2252 998 2285 p.
1031 2244 1097 2284 48.
1149 2266 1178 2283 „
1202 2244 1290 2275 Nam
1326 2250 1404 2274 cum
1437 2247 1532 2281 pater
1562 2240 1661 2283 ejus,
1706 2242 1863 2284 princeps

450 2313 722 2355 Abderitarum,
757 2313 884 2355 amplas
916 2321 951 2347 et
982 2313 1051 2347 fere
1082 2312 1196 2355 regias
1228 2312 1260 2345 ei
1293 2310 1484 2353 reliquisset
1514 2322 1621 2354 opes,
1656 2312 1780 2354 quibus
1806 2314 1864 2347 vcl

449 2387 485 2420 in
519 2386 592 2421 otio
622 2386 715 2421 laute
750 2385 972 2429 jucundeque
1005 2385 1153 2424 vivere,
1193 2384 1249 2417 vei
1280 2384 1314 2417 in
1347 2383 1490 2427 negotio
1519 2383 1743 2426 principatum
1778 2385 1866 2419 civi-

448 2458 527 2494 tatis
559 2457 716 2509 obtinere
744 2466 887 2500 posset,
924 2456 1045 2490 maluit
1076 2465 1133 2489 eas
1162 2465 1244 2499 opes
1275 2457 1309 2490 in
1340 2457 1525 2499 sapientiae
1556 2455 1695 2497 studio,
1730 2463 1766 2490 et
1787 2465 1866 2498 pro-

452 2528 510 2562 cul
542 2538 560 2560 a
594 2528 726 2562 civium
760 2529 972 2569 ambitione,
1005 2517 1199 2570 longinquis
1231 2529 1561 2571 peregrinationibus
1591 2526 1836 2563 consumet·e.¹'

409 2609 498 2634 onus
528 2601 619 2633 illas
654 2599 765 2634 bonae
798 2601 941 2635 mentis.
997 2598 1133 2632 Dilecta
1168 2600 1383 2632 Senecae
1417 2600 1523 2634 dictio
1555 2600 1641 2633 bana
1673 2610 1795 2639 mens,
1828 2605 1866 2630 ut

451 2665 621 2708 significet
652 2668 801 2701 animum
837 2668 878 2700 ad
910 2669 1094 2708 sapientiae
1130 2676 1309 2709 praecepta
1342 2668 1594 2711 compositum,
1628 2667 1747 2701 virtuti
1782 2676 1865 2707 ope-

453 2746 522 2782 ram
546 2737 698 2780 dantem.
734 2740 861 2785 Epist,
886 2739 1022 2783 xxiii,
1052 2750 1086 2775 tt
1119 2763 1148 2782 „
1175 2739 1250 2782 Ego
1272 2749 1354 2777 vero
1378 2739 1530 2782 aliquil,
1555 2738 1646 2779 quod
1671 2743 1704 2771 ct
1729 2736 1808 2774 mihi
1830 2745 1865 2774 ct

1798 2806 1860 2841 tibi
